2459 3800
349 1184 353 1192 .
418 1081 802 1202 EUNUeHUe

528 1309 704 1327 hun—-

447 1503 559 1554 ACTUS
577 1504 597 1552 1.
631 1502 742 1562 SCENA
759 1503 780 1550 Ι.

428 1683 439 1702 κ
455 1665 592 1714 Ριιιιοιιιι.
627 1668 767 1714 Ριιιιιιιιο.

210 1800 282 1853 Qum
294 1797 367 1860 igitur
378 1799 466 1848 faciam
478 1802 488 1848 ἓ
508 1814 559 1849 non
571 1805 645 1850 eam?
665 1816 696 1851 ne
708 1817 774 1851 nunc
786 1801 895 1865 quidem,

210 1887 274 1938 Cum
285 1902 393 1939 arcessor
405 1891 491 1939 uitro?
511 1904 541 1939 an
553 1891 635 1954 potius
646 1890 682 1941 ita
692 1907 732 1941 me
743 1897 894 1956 comparem,

209 1981 267 2027 Non
280 1981 373 2044 perpeti
386 1980 542 2029 meretricum
555 1980 738 2030 contumelias?
773 2036 777 2041 .

208 2069 337 2121 Exclusit:
356 2076 467 2119 revocat:
486 2070 604 2129 redeam?
624 2084 687 2130 non,
698 2070 720 2119 si
733 2086 774 2119 me
785 2072 904 2121 obsecret.

209 2161 270 2208 Par.
283 2154 309 2209 si
320 2158 418 2220 quidem
429 2152 513 2207 hercle
524 2158 613 2221 possis,
626 2158 689 2207 nihil
701 2158 779 2221 prius,
791 2173 870 2221 neque
879 2158 982 2209 fortius:

208 2249 301 2297 Verum
313 2248 334 2298 si
345 2247 457 2312 incipies,
469 2262 548 2311 neque
559 2248 691 2312 pertendes
703 2248 813 2299 naviter:

210 2339 302 2399 Atque,
313 2338 355 2388 ubi
365 2338 417 2401 pati
429 2353 478 2387 non
492 2332 594 2401 poteris,
608 2352 665 2387 eum
677 2349 751 2386 nemo
763 2342 871 2400 expetet,

208 2428 303 2476 Infecta
314 2441 383 2490 pace,
396 2428 462 2475 ultro
474 2425 505 2475 ad
517 2441 571 2475 eam
584 2427 678 2486 venies,
691 2426 804 2474 indicant

206 2518 347 2577 Temere,
360 2523 385 2564 et
395 2516 459 2565 serre
471 2530 522 2565 uon
533 2529 604 2578 posse
616 2536 622 2565 ι
640 2516 771 2567 actum’st:
783 2514 871 2564 illicet:

209 2606 315 2656 Peristi:
335 2606 428 2667 eludet,
440 2606 482 2654 ubi
494 2614 517 2654 te
528 2606 620 2654 victum
631 2589 744 2652 senserit.
790 2592 794 2599 ¹
875 2601 879 2613 '

206 2697 253 2744 Ph.
271 2695 346 2744 Proin
357 2704 395 2755 tu,
407 2696 466 2744 dum
476 2702 514 2743 est
526 2682 719 2757 tempes‚'etia1n
732 2700 804 2753 atque
816 2673 891 2740 etiam
902 2690 990 2752 cogita.

207 2784 267 2833 Par.
285 2786 361 2846 Here,
373 2800 426 2848 quae
438 2800 477 2834 res
489 2784 514 2833 in
526 2798 552 2832 se
565 2798 645 2847 neque
655 2782 796 2842 consilium,
808 2788 887 2845 neque
899 2782 998 2831 medum

208 2874 290 2923 Habet
301 2874 390 2935 ulium,
403 2888 457 2923 eam
470 2872 574 2923 consilio
585 2886 669 2933 regere
680 2886 730 2920 nen
742 2878 820 2935 potet.

209 2964 238 3011 ln
249 2975 333 3011 amore
343 2962 396 3011 haec
407 2962 491 3011 omnia
502 2962 587 3011 insunt
597 2958 670 3009 vitia:
688 2960 795 3021 injurie,

209 3052 375 3114 Suspicione&
385 3051 530 3112 inimicitioe,
542 3049 657 3110 inducite,

206 3138 315 3200 Bellum,
328 3153 376 3203 pax
386 3153 493 3201 rursum.
505 3140 602 3187 Incerta
612 3136 665 3183 haec
677 3133 698 3183 si
708 3144 735 3182 tu
745 3136 853 3199 postulet

602 3239 618 3271 r
