2459 3800
388 1090 738 1200 PHORMIQ

479 1337 650 1347 w*—

399 1537 510 1588 ACTUS
529 1540 548 1588 Ι.
582 1538 692 1590 SCENA
710 1538 730 1585 1.

517 1701 615 1747 Davus.

163 1839 270 1887 Aureus
283 1850 393 1886 summus
404 1850 472 1885 meus
484 1844 508 1885 et
518 1836 643 1901 popularis
655 1837 717 1886 Geta

163 1928 223 1977 Heri
234 1929 264 1977 ad
277 1943 316 1977 me
327 1927 407 1976 veuit:
425 1936 478 1976 erat
487 1927 510 1976 ei
521 1927 550 1975 de
560 1926 698 1975 ratiuncula

160 2019 219 2068 iam
231 2018 325 2081 pridem
337 2017 401 2080 apud
412 2009 452 2066 me
462 2017 594 2078 relliquum
605 2016 769 2079 pauxillulum

161 2109 327 2158 Nummorum
339 2129 344 2156 ι
361 2108 386 2157 id
396 2115 425 2158 ut
434 2107 580 2157 conficerem
592 2127 597 2157 :
616 2094 722 2168 cuufeci,
734 2108 819 2156 affero.
891 2096 893 2100 ⁸

161 2198 227 2245 Nam
238 2197 341 2246 herilem
353 2197 432 2246 filium
444 2199 497 2259 ejus
508 2197 606 2268 duxisse
619 2197 692 2248 audio

164 2289 288 2340 Uxorem:
307 2287 330 2336 ei
341 2287 413 2336 credo
425 2301 514 2336 munus
525 2278 576 2336 hoe
583 2287 729 2355 corraditur.

162 2377 243 2430 Quam
254 2375 337 2438 inique
348 2378 567 2439 comparetum'st3
584 2377 610 2424 hi
620 2377 662 2439 qui
674 2377 755 2426 miuus
766 2378 869 2437 habent,

87 2527 89 2531 Ι
162 2468 198 2516 Ut
208 2481 304 2530 semper
312 2467 405 2529 aliquid
418 2467 509 2515 addant
519 2465 672 2515 divitioribus
684 2469 691 2514 i

162 2555 235 2611 Quod
246 2556 288 2604 ille
300 2555 416 2604 unciatim
426 2555 467 2603 vix
476 2555 507 2603 de
519 2554 637 2603 demenso
649 2567 706 2615 suu,

162 2646 241 2696 Suum
252 2643 384 2693 defrudans
395 2644 505 2704 genium,
517 2633 650 2705 compa'ruit
660 2642 745 2703 miser,

162 2734 190 2783 Id
200 2733 244 2782 illa
251 2727 392 2782 universum
403 2731 507 2794 abripiet
517 2751 523 2780 :
541 2732 602 2780 haut
612 2730 766 2780 existumans

160 2827 261 2880 Quanta
271 2825 356 2873 labore
367 2829 471 2886 partum.
490 2825 568 2870 Porro
580 2829 662 2871 autem
674 2823 738 2871 Geta

161 2913 272 2962 Ferietur
283 2913 333 2962 aliu
345 2925 457 2972 munere,
468 2911 510 2961 ubi
522 2912 582 2960 hera
593 2910 729 2974 pepererit:

163 3005 241 3052 Porro
252 3009 334 3050 autem
346 3001 406 3062 alio,
417 3000 460 3049 ubi
473 3000 521 3058 erit
531 3013 607 3064 puero
618 2999 708 3048 natalis
720 2999 788 3049 dies:

162 3091 212 3142 Ubi
224 3089 371 3140 initiabant:
387 3080 461 3140 omna
469 3091 516 3155 huc
528 3097 606 3139 mater
618 3089 729 3138 auferet:

164 3182 229 3230 Puer
240 3193 312 3229 causa
323 3180 371 3229 erit
381 3179 505 3229 mittundi.
523 3179 571 3228 Sed
581 3177 678 3228 videou'
690 3179 797 3228 Getam?
