2459 3800
235 470 269 517 eo
424 470 453 517 P.
468 457 628 517 runcum
645 461 843 512 auuucuua

234 607 377 670 Miccrique.
412 608 458 656 Gn.
475 608 539 653 Nam
550 603 633 651 hercle
644 616 718 652 nemo
729 611 822 666 posset,
833 610 871 651 sot
880 600 942 662 scio,

236 696 286 752 Qui
296 697 407 756 haberet,
416 694 458 757 qui
468 699 564 757 peraret
574 691 662 752 alium,
673 692 740 740 hunc
755 690 857 753 perpeti.
927 722 931 728 -

234 788 296 834 Par.
311 788 378 835 'l'aoc
388 792 426 843 tu,
434 796 509 855 quem
519 795 565 844 ego
575 794 630 830 eoae
638 780 705 829 infra
716 780 814 829 infimos
826 778 908 829 omnis
918 788 977 843 puto

234 873 372 923 Hominem
390 885 447 920 nam
459 871 501 933 qni
509 870 567 919 hnic
577 870 688 919 animum
700 868 819 919 assentari
830 868 967 929 induxeris,

232 963 254 1011 Ε
266 961 366 1012 damma
374 967 456 1023 petere
466 959 586 1009 tecibum'
594 972 666 1023 posse
678 956 792 1007 arbitror.

235 1051 295 1099 Thr.
310 1052 401 1099 domne
417 1047 501 1097 imus?
531 1050 593 1097 Tho.
611 1048 664 1096 Hos
677 1045 745 1109 prius
758 1045 925 1105 introducam,
936 1051 970 1105 et,
980 1058 1033 1106 quae

299 1139 366 1200 volo,

232 1226 312 1277 Simul
322 1225 461 1289 imperabo:
478 1234 535 1289 poet
545 1226 663 1275 continuo
671 1239 742 1275 exeo.

233 1319 292 1366 Thr.
310 1317 428 1379 Egohinc
441 1316 515 1379 abeo,
526 1325 553 1367 tu
571 1316 650 1367 irtanc
660 1316 781 1381 opperire.
814 1318 875 1365 Par.
893 1316 960 1364 Haut
971 1328 1031 1363 con-

290 1406 358 1456 venit
792 1406 794 1409 ’
854 1402 858 1408 ’

231 1498 288 1549 Una
296 1496 332 1546 ire
340 1511 398 1546 cum
408 1497 487 1547 amica
496 1498 669 1563 imperatorem
681 1496 705 1546 in
718 1496 764 1546 vin.
843 1492 844 1497 ’

233 1588 293 1635 Thr.
309 1586 376 1641 Quid
386 1587 431 1636 tibi
442 1600 487 1649 ego
499 1589 578 1637 multa
588 1587 685 1636 dicam?
702 1584 797 1635 domini
806 1584 894 1635 similis
901 1597 936 1633 ee.

233 1677 280 1725 Gn.
306 1677 356 1736 Ha,
377 1677 420 1736 ha,
435 1678 475 1726 he.
511 1678 570 1725 Thr.
595 1675 662 1729 Quid
687 1674 771 1724 rides?
808 1676 855 1723 Gn.
881 1674 946 1722 Istuc
966 1672 1031 1734 quod

295 1764 358 1814 dixti
369 1766 462 1814 modot

230 1855 264 1904 Et
273 1853 337 1904 illud
347 1855 378 1905 de
387 1854 484 1904 Rhodio
496 1853 589 1904 dictum
601 1868 658 1903 cum
671 1852 696 1902 in
709 1860 816 1903 mentem
827 1853 902 1904 venit.
985 1882 987 1891 .

230 1943 279 1994 sed
289 1944 365 1994 Thais
376 1943 437 1992 exit.
471 1945 530 1993 Thr.
546 1943 594 1992 Abi
610 1958 672 2005 prae,
684 1957 766 2004 crure,
778 1951 806 1992 ut
817 1944 868 1993 sint
877 1943 945 1993 dorni

230 2034 327 2082 Parata.
362 2033 408 2080 Gn.
425 2030 486 2080 Fiat.
521 2032 584 2079 Tha.
598 2031 745 2092 Diligenter,
757 2032 867 2095 Pythias,

229 2122 278 2171 Fac
289 2135 372 2181 cures,
383 2120 405 2170 ci
417 2121 537 2170 Chremes
548 2120 596 2191 iruc
607 2120 673 2170 forte
684 2119 821 2182 advenerit,

228 2213 265 2264 Ut
275 2225 341 2272 orca,
353 2211 460 2274 primum
470 2217 499 2259 ut
509 2209 622 2260 maneat:
640 2211 661 2260 si
671 2210 698 2259 id
709 2215 759 2259 non
768 2207 969 2272 commodumst,

229 2302 265 2351 Ut
275 2299 359 2349 rudent
368 2318 382 2374 ³,
391 2299 413 2348 ai
424 2298 449 2347 id
458 2312 509 2348 non
520 2298 621 2363 poterit,
633 2300 664 2349 ad
676 2314 715 2349 mc
726 2297 851 2349 adducito.

227 2393 275 2452 Py.
293 2390 330 2438 lta
340 2387 437 2437 faciam.
473 2389 535 2437 Tdc.
552 2387 637 2443 Quid?
656 2388 715 2452 quid
725 2389 793 2439 alind
803 2389 871 2439 volui
882 2389 979 2440 dicere?

227 2479 318 2539 Ehem,
328 2485 413 2527 curate
422 2478 495 2527 irtam
504 2477 635 2539 diligenter
645 2478 765 2540 virginem
778 2500 784 2528 ι

227 2567 302 2618 Domi
314 2566 411 2629 adsitis,
419 2567 499 2616 facite.
518 2569 577 2615 Thr.
591 2568 693 2617 Eamus.
709 2567 770 2617 Tho.
786 2569 837 2618 Voc
845 2582 886 2617 me
896 2568 1033 2632 sequimini.

443 2800 554 2850 dc'rus
572 2801 618 2848 111.
652 2800 761 2852 SCENA
780 2800 825 2848 111.

480 2916 621 2965 concurs.
655 2916 780 2964 Purams.

227 3016 365 3062 Pnorncro
382 3012 474 3075 quanto
485 3013 562 3075 magir
572 3013 696 3077 magIsque
706 3013 796 3075 cogito,

227 3101 351 3152 Nimirum
364 3101 432 3152 dabit
441 3103 494 3152 hac
505 3101 580 3152 Thais
591 3102 654 3151 mihi
665 3117 780 3165 magnum
792 3104 900 3154 modum:
