2459 3800
372 491 484 541 acius
500 491 531 540 V.
569 490 680 541 scuNA
697 491 741 539 ix.
906 489 954 538 237

288 730 383 780 Sueus.
416 733 520 780 Duum.
552 734 647 781 M1c1o.
679 733 837 782 AEscfflsus.

158 841 269 890 Facruu
280 850 328 903 est,
336 843 481 907 quodjusti,
491 847 591 895 Demea.
900 909 904 914 Ι

157 933 204 979 De.
224 931 297 993 Frugi
308 933 384 982 homo
394 947 436 984 ea:
460 948 504 996 ego
516 934 610 999 aedepol
622 934 695 984 hodie
710 948 765 984 mea
782 935 881 1000 quidem
900 950 957 987 sen·

169 1027 174 1032 '
222 1020 301 1070 tentia

157 1108 248 1160 iudico
268 1113 356 1176 Syrum
377 1112 431 1162 fieri
453 1128 507 1163 esse
528 1111 624 1176 aequom
645 1113 761 1164 liberum.
804 1115 852 1164 Mi.
875 1117 960 1165 Istune

224 1198 348 1248 liberum?
522 1197 526 1204 “

160 1287 290 1342 Quodnam
301 1291 333 1338 ob
344 1289 436 1338 factum
446 1293 456 1338 ?
483 1293 532 1340 De.
544 1292 642 1341 Multa(
668 1295 709 1354 Sy.
727 1291 751 1340 0
762 1299 845 1341 nostes·
855 1293 959 1352 Demea,

225 1378 319 1440 aedepol
332 1379 370 1426 vir
381 1379 460 1428 bonus
472 1394 506 1429 es.

160 1461 213 1528 Ego
223 1465 284 1515 istos
294 1467 363 1516 vobis
375 1482 450 1529 usque
461 1482 476 1517 a
487 1469 568 1532 pueris
579 1467 661 1517 curavi
671 1469 757 1517 ambos
769 1467 853 1516 sedulo
865 1487 870 1516 :

161 1555 251 1617 Docui,
263 1556 360 1617 monui,
371 1557 433 1606 bene
441 1556 545 1620 precepi
557 1570 663 1619 semper,
674 1570 728 1628 quae
740 1555 809 1618 potui
820 1555 912 1604 omnia.

161 1634 213 1693 De.⁴
225 1645 273 1693 Res
291 1649 416 1708 apparete
440 1632 466 1694 et¹
483 1642 582 1707 quidem
599 1659 674 1708 porro
690 1645 753 1705 haec,
771 1645 891 1696 obsonare
905 1657 962 1692 cum

226 1732 284 1793 fide,
964 1715 968 1722 '

160 1821 277 1871 Scortum
288 1821 419 1883 adducere,
431 1835 548 1886 apparare
558 1821 588 1870 de
599 1821 639 1870 dle
651 1820 805 1869 convivium:

163 1894 366 1961 Non'mediocris
376 1910 485 1961 hominis
504 1911 556 1960 haec
568 1919 626 1960 sunt
642 1910 729 1960 officia.
762 1911 804 1972 Sy.
821 1908 964 1973 Olepidum

129 1990 136 2003 ⁸
229 2004 317 2064 caput!

165 2080 213 2138 De.
232 2080 370 2151 Postremo,
381 2089 455 2139 hodie
466 2088 492 2138 in
504 2089 607 2153 psaltria
623 2090 669 2138 hac
681 2076 797 2147 emunda,
817 2086 858 2135 hic
869 2086 966 2148 adjuwr

229 2177 287 2236 fuit,

166 2262 213 2314 Hic
224 2265 331 2315 curavit:
349 2265 464 2329 prodesse
481 2266 610 2327 equum’st
624 2284 630 2313 ι
647 2264 690 2313 alii
702 2258 815 2313 meliores
827 2271 907 2313 eruut.

165 2354 275 2417 Denique
284 2355 325 2404 hic
335 2356 388 2403 volt
398 2355 461 2403 fieri.
492 2356 540 2402 Mi.
554 2352 611 2403 Vm'
625 2360 652 2401 tu
662 2353 710 2400 hoc
721 2352 795 2401 fieri?
823 2354 867 2402 AE.
881 2352 968 2416 Cupio.

203 2434 208 2439 ’
231 2444 279 2490 Mi.
297 2440 431 2503 Siquidem
592 2424 595 2427 ⁴

139 2523 145 2535 ’
165 2535 205 2582 Tu
217 2532 271 2595 vis3
289 2534 360 2595 Syre,
375 2532 423 2581 eho
443 2530 529 2581 accede
547 2530 596 2579 huc
614 2528 645 2578 ad
664 2542 722 2591 me;
743 2528 807 2578 liber
825 2536 886 2577 esto.
927 2528 968 2591 Sy.

188 2678 196 2689 ¹
232 2619 384 2670 Beuefacis:

168 2708 291 2760 Omnibus
302 2708 405 2770 gratiam
415 2708 508 2757 habeo:
521 2714 547 2756 et
558 2719 670 2755 seorsum
680 2704 724 2753 tibi
733 2711 860 2768 praeterea,
870 2704 969 2751 Demea.

168 2802 217 2850 De.
233 2798 344 2849 Gaudeo.
377 2798 420 2847 ΛΕ.
437 2799 470 2846 Et
478 2810 531 2857 ego.
565 2798 606 2859 Sy.
625 2793 713 2844 Credo.
748 2794 850 2843 Utinam
858 2792 905 2841 hoc
914 2804 971 2855 per·

233 2895 333 2952 petuum
342 2888 387 2936 'fiat
396 2884 522 2948 gaudium,

171 2978 301 3042 Phrygiam
312 2986 340 3027 ut
349 2991 454 3027 uxorem
465 2989 547 3025 meam
556 2988 606 3024 uua
617 2978 713 3023 mecum
725 2971 820 3021 videam
832 2968 935 3019 liberam
946 2973 953 3019 Ξ

170 3067 219 3116 De.
238 3066 371 3128 optumam
393 3064 492 3128 quidem
515 3062 653 3113 mulierem.
682 3064 734 3126 Sy.
758 3060 790 3109 Et
810 3057 907 3121 quidem
929 3065 972 3107 tuo

235 3153 329 3219 nepoti,
339 3155 413 3216 hiu'us
425 3153 479 3203 filio
646 3160 650 3165 '
