2459 3800
221 488 268 538 leb
418 488 621 538 multtum
640 487 838 539 EUNUCHUS.

220 629 295 693 Atqui
307 629 328 679 ai
346 630 415 680 illam
426 628 503 691 digitu
520 627 628 690 attigerit
648 642 708 688 tino,
731 625 796 675 oculi
820 623 889 675 illico
908 620 1027 673 effodien-

286 727 336 769 Μ.
778 776 783 783 ι
847 726 851 730 .

224 810 310 872 Usque
320 796 440 871 adee'ego
450 808 517 860 illiue
533 808 709 871 ferrepossum
728 804 842 869 ineptias,
859 812 885 853 et
901 802 1030 865 magnifica

290 901 374 960 verba,

226 988 307 1038 Verba
325 989 383 1039 dum
406 988 471 1039 sint:
499 1002 584 1037 verum
606 986 713 1038 enimsi
735 985 765 1035 ad
785 1000 838 1036 rem
858 984 1027 1045 conferentur,

293 1078 424 1141 vapulabit.

228 1166 273 1217 ct.
287 1165 593 1229 Tbais‚egojttmdudum
603 1165 644 1215 bic
656 1166 750 1215 adsum.
786 1166 832 1213 Tb.
859 1162 931 1213 Omi
951 1162 1030 1213 Chre·

295 1268 357 1317 mes,
367 1263 392 1306 te
403 1256 483 1321 ipsum
495 1257 674 1319 exspectabam.

230 1344 297 1395 Seiu'
310 1351 347 1406 tu,
358 1347 456 1395 turbam
475 1346 539 1395 hane
550 1351 684 1409 propterte
696 1358 749 1393 essa
761 1344 849 1393 factam
864 1346 874 1391 ἓ
894 1350 919 1392 et
930 1342 990 1392 adeo
1001 1341 1032 1391 ad

296 1434 513 1502 teattinerehane
905 1488 907 1490 ,

232 1522 339 1573 Omnem
359 1526 435 1573 rem?
474 1524 517 1573 Cb.
539 1522 580 1572 Ad
600 1526 664 1572 me?
694 1522 755 1585 qui?
785 1520 853 1584 quasi
876 1518 946 1569 istuc.
987 1521 1033 1568 Tb.

298 1611 374 1673 Quia,
384 1611 444 1661 dum
454 1612 499 1661 tibi
511 1626 622 1661 sorerem
632 1610 718 1660 studeo

233 1696 345 1750 Reddere
366 1707 391 1751 et
411 1700 550 1762 restituere,
560 1702 613 1750 haec
634 1708 707 1763 atque
725 1700 867 1762 hujusmodi
886 1714 940 1749 aum
957 1700 1035 1749 multa

298 1802 377 1854 limi·
536 1853 538 1858 ,
652 1848 655 1853 ,
1083 1830 1091 1849 .

237 1869 280 1929 et.
299 1880 349 1930 Ubi
359 1864 390 1930 ea
400 1882 459 1930 eet?
497 1880 543 1929 Tb.
560 1878 634 1928 Domi
651 1878 716 1944 apud
733 1893 780 1931 me.
816 1880 859 1929 Ob.
877 1880 959 1930 Hem!
979 1876 1037 1942 quid

301 1971 358 2018 est?
439 1978 442 1983 '

239 2058 284 2106 Tb.
302 2057 396 2107 Educta
411 2056 457 2117 ita,
476 2057 514 2107 uti
534 2066 607 2121 teque
624 2059 715 2121 illeque
738 2058 880 2122 dignum’st.
914 2060 957 2110 Ob.
974 2056 1040 2114 Quid

192 2154 196 2160 ⁴
278 2145 356 2195 ‹aisi
395 2147 677 2208 Tbldqued'resest:
736 2162 739 2168 ·

183 2259 186 2262 ⁴
239 2237 310 2286 Hane
327 2234 373 2286 tibi
384 2224 453 2286 dono
463 2236 506 2298 do,
517 2251 596 2300 neque
607 2243 691 2302 repete
704 2250 749 2302 pro
766 2237 810 2287 illa
819 2236 949 2302 quicquam
960 2239 1003 2289 abs
1014 2247 1039 2290 te

304 2326 385 2390 ptetii.

242 2415 285 2464 Gi.
300 2415 333 2464 Et
343 2415 458 2479 habebar,
470 2424 496 2465 et
506 2417 624 2479 refertur,
632 2417 720 2479 Thais,
731 2431 746 2468 a
757 2431 807 2479 me,
819 2417 854 2467 ita
865 2417 900 2467 uti
911 2417 1042 2480 meritaee,

305 2505 391 2565 gratia,

243 2594 289 2642 Tb.
306 2594 340 2642 At
356 2593 423 2642 enim
441 2607 510 2654 cave,
522 2608 554 2644 ne
571 2594 648 2658 prius,
665 2608 739 2659 quam
749 2595 822 2646 ‘hanc
837 2609 852 2644 a
869 2609 909 2644 me
926 2596 1043 2662 accipiat,

307 2683 542 2747 amittas,cbreme.

243 2772 309 2821 Nam
320 2772 373 2822 haec
381 2773 453 2833 ea’at,
464 2785 537 2836 quam
548 2772 619 2823 miles
630 2787 644 2822 a
654 2787 694 2822 me
704 2773 728 2822 vi
740 2787 806 2824 nune
814 2780 925 2837 ereptam
936 2774 1011 2824 venit.

242 2862 292 2912 Abi
301 2869 340 2922 tu,
350 2861 483 2922 cistellam,
497 2861 606 2925 Pythias,
615 2859 691 2912 demo
701 2863 762 2913 effer
769 2877 825 2912 cum
837 2863 1012 2914 monumentis.

246 2951 288 2999 Cb.
305 2949 393 2999 Viden’
410 2956 438 2999 tu
455 2949 539 3012 illum,
548 2949 647 3001 Thais?
683 2955 730 3014 Py.
748 2949 798 3003 Ubi
816 2951 913 3002 sita’st?
952 2954 997 3002 Tb.
1014 2953 1043 3001 ln

309 3038 381 3089 risco.
404 3039 620 3101 Odiosmcoesaa?

246 3128 291 3177 ct.
308 3127 416 3178 Militem
427 3143 512 3179 secum
519 3129 552 3179 ad
562 3136 587 3180 te
598 3137 701 3193 quantas
712 3130 793 3197 coplas
801 3129 921 3184 adducere
932 3133 938 3180 l
