2459 3800
405 500 516 550 ACTUS
535 500 577 548 iv.
610 497 721 549 scuNA
736 499 767 548 V.
936 501 983 547 221

437 790 531 836 Muciu-
571 789 730 838 AEseuiuus.

178 902 223 950 luu
234 908 263 950 ut
273 899 335 961 dixi,
347 901 469 961 Sostrata,
481 965 486 971 1

177 989 259 1038 Facite
269 1009 275 1039 ε
293 1003 338 1050 ego
349 988 495 1038 AEschiuum
506 988 652 1038 conveniam
662 1008 670 1051 3
683 996 721 1049 ut,
732 988 855 1051 quomodo
865 996 920 1039 aeta
930 989 982 1040 haec

244 1076 384 1138 siut,eciat.

182 1165 229 1215 Sed
251 1164 305 1228 quie
326 1164 417 1213 ostium
441 1165 488 1213 hoe
511 1165 635 1226 pultavit?
673 1167 717 1214 AE.
735 1167 806 1214 Pater
828 1166 912 1215 hercle
932 1174 985 1216 est:

246 1253 321 1316 perii!
355 1255 402 1302 Mi.
419 1253 550 1302 AEsehiue.

183 1342 228 1390 AE.
244 1341 311 1395 Quid
329 1342 386 1390 huie
406 1342 446 1390 hic
467 1341 603 1402 negotist?
646 1342 693 1390 Mi.
716 1343 787 1390 'l'uue
809 1342 853 1390 has
872 1342 989 1404 pepulisti

249 1429 332 1479 soree?
350 1432 435 1478 Tacet.
975 1431 980 1442 '

185 1518 236 1566 cur
247 1532 297 1567 nou
307 1518 366 1566 ludo
378 1519 445 1567 huuc
455 1517 652 1580 aliquantisper?
672 1515 761 1565 melius
772 1523 809 1565 est
821 1537 829 1578 ;

184 1604 386 1666 Quandoquidem
399 1605 446 1654 hoe
458 1619 584 1667 uunquam
596 1603 657 1651 mihi
671 1603 930 1672 ipse-voluiteiedere.

171 1689 255 1739 iuhil
277 1691 338 1740 mihi
361 1692 516 1755 respondes?
563 1693 607 1740 AE.
626 1693 684 1740 Nun
706 1692 818 1752 equidem
841 1692 988 1755 istas,qu0d

251 1779 335 1828 seiam.

187 1869 235 1917 Mi.
252 1868 306 1919 ita?
325 1883 383 1918 uam
394 1869 511 1931 mirabar,
523 1870 581 1932 quid
590 1870 631 1919 hic
641 1868 723 1932 negoti
736 1874 802 1918 esset
810 1867 864 1918 tibi.

187 1958 307 2008 Erubuit:
324 1960 391 2007 salva
400 1974 440 2007 ree
451 1966 499 2008 eet.⁴
530 1961 576 2008 AE.
594 1959 640 2007 Die
650 1958 732 2017 sodes,
745 1966 823 2020 pater,

188 2044 245 2095 'libi
256 2060 312 2095 vero
324 2047 383 2108 quid
393 2047 448 2095 istic
459 2047 558 2096 estrei?
594 2049 643 2095 Mi.
661 2046 732 2095 Nihil
743 2045 803 2093 mihi
814 2042 913 2108 quidem
925 2058 932 2095 ε·

188 2132 289 2182 Amicus
300 2134 399 2195 quidam
412 2148 475 2182 meu
486 2134 541 2182 furo
552 2134 655 2183 abduxit
666 2134 740 2182 modo

190 2221 466 2270 Hucadvoeammuibi.
499 2224 543 2270 Ε.
560 2221 647 2276 Quid?
680 2224 727 2269 Mi.
745 2224 798 2281 Ego
809 2220 889 2269 dicam
900 2221 961 2271 tibi:

192 2307 312 2357 Habitant
323 2308 364 2356 hic
376 2307 487 2369 quedam
497 2308 631 2371 mulieree;
649 2311 813 2372 paupercule,

192 2397 229 2445 Ut
239 2396 338 2458 opinor,
349 2395 394 2444 hue
405 2410 456 2443 uuu
468 2410 541 2445 nosse
551 2403 586 2456 te,
598 2404 624 2445 et
634 2405 700 2446 certe
709 2398 775 2447 seio:

192 2486 278 2547 Neque
304 2484 371 2533 euim
400 2483 442 2534 diu
465 2485 514 2533 hue
538 2485 740 2547 commigrarunt.
785 2486 830 2534 AE.
856 2483 922 2539 Quid
943 2492 996 2533 tum

256 2575 361 2637 postea?
985 2577 988 2585 ’

193 2662 240 2711 Mi.
256 2660 332 2721 Virgo
351 2667 390 2709 est
406 2674 464 2708 eum
484 2666 578 2713 matre..
605 2661 649 2709 AE.
668 2662 753 2720 Perge.
787 2659 998 2720 Mi.Haecvi1·go

233 2752 236 2757 '
258 2750 446 2813 orba'stpaue:

195 2840 324 2889 Hiemeue
334 2838 427 2888 amicus
438 2837 476 2887 illi
486 2850 575 2898 genere
585 2844 624 2885 est
635 2850 770 2899 proxumus
781 2871 786 2883 .
881 2836 883 2843 ’

196 2928 261 2977 Huic
282 2930 347 2989 leges
367 2935 458 2989 coguut
476 2927 568 2987 nubere
587 2926 659 2973 hauc.
693 2926 736 2973 AE.
753 2923 835 2973 Perii!
870 2924 916 2971 Mi.
934 2924 1000 2977 Quid

261 3020 317 3067 eut?

199 3107 243 3155 AE.
260 3105 346 3156 Nihil:
364 3114 445 3156 tecue:
463 3118 544 3169 perge.
576 3104 624 3153 Mi.
641 3105 666 3152 Is
675 3102 751 3162 veuit,
763 3108 791 3150 ut
801 3114 884 3150 secum
894 3100 998 3149 avehat:
