2459 3800
234 475 283 523 210
446 449 822 513 P.TtnENT11ADELPH1.

236 608 298 670 Ubi,
309 603 401 668 siquid
410 604 473 652 bene
484 595 620 664 precipias,
632 605 705 642 nemo
717 587 888 650 obtemperat?
1011 641 1013 644 Ι

235 701 284 747 De
300 697 354 756 Ego
364 706 422 742 vero
434 689 492 739 hinc
504 689 575 747 abeo,
592 679 717 746 quando’
710 693 742 740 rs,
761 673 921 738 quamobrem
935 669 984 718 huc
994 647 1038 717 te·

302 797 398 843 nerem,

235 871 374 924 Rusabiit.
391 869 463 917 illum
474 878 534 912 curo
547 873 640 911 unum·
658 853 793 905 rlleadme
804 848 901 908 attinet

238 958 361 1015 Quando·
354 965 389 1005 tta
400 956 452 1003 volt
462 954 556 1001 frater:
574 946 623 996 de
615 953 678 994 istoc
687 943 738 1006 ipse
748 937 844 989 viderit.

237 1048 286 1100 sed
296 1046 351 1108 quis
361 1020 414 1093 illic
424 1050 462 1091 est
464 1037 568 1102 ,procul
580 1048 654 1097 quem
665 1031 751 1081 video.
746 1032 755 1064 ³
774 1034 843 1076 estne
855 1021 933 1084 Hegio

236 1134 346 1185 Tribulis
357 1132 460 1181 noster?
480 1127 502 1176 si
511 1127 571 1175 satis
581 1137 667 1182 cerno,
678 1121 700 1168 is
711 1118 801 1168 hercle'
803 1123 840 1165 st·
857 1112 924 1162 vah.
917 1114 923 1140 '

239 1227 323 1274 Homo
333 1221 425 1270 amicus
435 1216 505 1267 nobis
511 1218 563 1277 Jam
574 1213 632 1262 inde
643 1224 751 1274 apuero.
775 1205 805 1255 Di
816 1203 891 1254 boui!

239 1315 285 1364 Nae
296 1307 431 1359 illiusmodi
438 1310 492 1369 jam
504 1304 574 1355 nobis
586 1315 674 1362 magna
684 1297 774 1348 civium

240 1398 390 1457 Penuria’st‚
401 1398 477 1445 homo
488 1393 588 1454 antiqua
598 1391 688 1438 virtute
699 1402 727 1436 ae
738 1385 786 1434 tide
798 1405 803 1433 :

240 1490 308 1538 Haut
317 1487 366 1536 cito
378 1484 436 1534 mali
447 1483 506 1546 quid
514 1488 598 1529 ortum
610 1493 642 1527 ex
649 1478 697 1524 hoe
707 1474 740 1524 sit
749 1471 853 1537 publice.
934 1510 935 1514 ,
974 1523 976 1528 .

240 1579 320 1630 Quam
328 1574 422 1636 gaudeo
431 1592 440 1634 3
457 1570 500 1619 ubi
510 1569 584 1618 etiam
593 1569 667 1626 huJ'us
678 1563 773 1625 generis
784 1557 901 1620 reliquias

240 1666 341 1714 Restare
351 1663 437 1712 video!
450 1660 504 1710 Vah
516 1662 522 1707 !
536 1656 617 1706 vivere
628 1653 701 1720 etiam
714 1664 778 1699 nunc
788 1650 864 1700 lubet.

241 1752 362 1816 Opperiar
372 1749 500 1799 hominem
510 1745 562 1805 hic,
571 1751 600 1793 ut
609 1743 714 1792 salutem
726 1745 751 1786 et
761 1737 896 1797 colloquar.

451 1980 562 2029 ACTUS
576 1978 621 2025 lll.
663 1969 771 2023 SCENA
790 1968 832 2018 lv.

379 2095 476 2141 lisoio.
508 2091 588 2138 Gerr.
623 2090 727 2137 Damni.
760 2084 927 2137 Prsarum„

247 2198 302 2243 Pro
312 2193 344 2242 Di
357 2192 526 2241 immortales!
545 2190 639 2239 facinus
651 2187 790 2247 indignum,
801 2184 864 2231 Geta
875 2202 880 2231 ι

243 2286 311 2342 Quid
320 2287 425 2335 narras?
462 2286 505 2333 Ge.
523 2283 564 2332 Sic
580 2282 733 2331 estfactum.
767 2277 816 2323 He.
832 2274 871 2321 Ex
883 2268 952 2319 illan'
970 2264 1044 2317 farni-

305 2374 341 2421 lia

217 2448 219 2453 ¹
240 2465 303 2513 'lam
312 2460 433 2512 illiberale
444 2458 539 2509 facinus
549 2470 602 2507 esse
613 2464 695 2506 ortum
707 2456 717 2503 ἓ
752 2465 769 2500 o
780 2447 908 2509 AEschine‚

242 2552 287 2600 Pol
298 2550 360 2599 haut
370 2555 497 2611 paternum
510 2547 572 2596 istuc
583 2544 680 2595 dedisti.
712 2546 760 2591 De.
778 2537 898 2590 Videlicet

242 2642 280 2688 De
291 2637 391 2703 psaltria
400 2638 447 2685 hae
458 2636 567 2686 audivit:
586 2635 611 2683 id
624 2633 663 2682 illi
672 2646 738 2681 nunc
747 2629 814 2679 dolet

240 2728 331 2777 Alieno
342 2748 349 2777 ι
366 2733 434 2790 pater
445 2724 466 2774 is
477 2724 550 2774 nihili
559 2723 654 2788 pendit.
673 2720 721 2771 Hei
733 2718 811 2768 mihi!

243 2816 345 2865 Utinam
356 2814 397 2862 hic
406 2828 482 2877 prope
494 2813 589 2862 adesset
599 2809 700 2871 alicubi,
711 2815 783 2871 atque
794 2804 889 2855 audiret
900 2801 969 2849 haee!

242 2904 291 2951 He.
308 2901 452 2964 Nilaelent,
464 2916 519 2963 quoe
529 2900 587 2950 illos
599 2912 696 2961 aequom
707 2903 754 2957 est,
766 2894 826 2943 haut
835 2890 869 2941 sie
881 2887 1002 2937 auferent.

246 2991 289 3038 Ge.
307 2992 335 3037 ln
347 2997 371 3039 te
381 3003 436 3053 spes
445 2989 537 3051 omnis,
549 2988 639 3051 Hegio,
650 2985 721 3036 nobis
732 2983 779 3033 sita
790 2987 841 3030 est:

242 3078 279 3125 'le
291 3078 372 3126 solum
382 3078 516 3128 habemus:
535 3085 563 3127 tu
573 3090 600 3126 es
611 3082 739 3139 patronus,
749 3078 776 3121 tu
789 3078 892 3133 parens:
