2459 3800
394 493 506 545 ACTUS
520 496 553 544 .V.
587 494 696 544 SCENA
716 496 751 545 Ι..
918 500 967 547 335

160 640 267 687 Matrem
278 635 357 699 ipsam
369 650 401 685 ex
412 634 555 697 aegritudine
570 637 687 687 miseram
698 652 767 687 mors
778 631 909 688 cbusecuta
919 647 966 689 eut.

161 727 204 775 Ch.
220 727 289 776 Male
308 727 417 774 factum!
436 727 477 774 So.
494 727 546 787 Ego
566 734 659 787 autem,
681 742 735 789 quae
747 741 824 776 essem
846 741 907 776 anus
920 728 964 777 de·

226 822 302 875 serta,
313 828 396 876 egeus,
406 814 501 875 ignota,

159 908 195 956 Ut
205 906 284 968 potui,
297 912 401 968 nuptum
409 904 528 975 uirginem
537 906 616 954 locavi
628 906 685 955 huic
693 907 852 969 adolescenti,

159 998 254 1045 Harum
267 994 308 1057 qui
327 1002 364 1044 est
382 995 496 1044 dominus
510 994 608 1065 aedium.
645 996 687 1044 Ch.
708 996 897 1059 Anuphonine?
917 1003 960 1049 So.

224 1086 297 1140 Hem,
307 1084 346 1133 illi
358 1084 411 1148 ipsi.

161 1177 202 1225 Cla.
221 1176 305 1230 Quid?
325 1177 416 1227 duasne
435 1176 456 1225 is
478 1190 568 1225 uxores
586 1176 679 1225 habet?
715 1180 756 1226 So.
772 1180 824 1237 Au,
846 1180 960 1241 obsecro,

224 1280 298 1314 unam
310 1266 353 1315 ille
364 1266 462 1329 quidem
471 1266 535 1313 hanc
545 1265 632 1314 uolam.

163 1356 205 1404 Ch.
224 1354 290 1409 Quid
300 1355 370 1403 illam
381 1356 495 1413 alteram,
513 1368 566 1416 quae
577 1352 667 1402 dicitur
685 1355 810 1413 cognam?
846 1356 886 1403 So.
904 1356 963 1404 Haec

224 1444 323 1505 ergo’st.
358 1443 401 1503 Gk,
419 1442 484 1496 Quid
497 1441 552 1489 ais?

159 1536 199 1582 So.
223 1531 367 1595 Composito
378 1531 512 1590 factum'st,
540 1530 665 1591 quomodo
683 1530 748 1578 hanc
766 1542 851 1579 amans
871 1532 963 1580 habere

223 1628 306 1685 posset

161 1711 301 1761 sinedote.r
331 1709 375 1757 Gla.
392 1707 424 1757 Di
440 1714 548 1756 vostram
568 1706 653 1768 fidem,
671 1720 745 1768 quum
761 1720 826 1769 προ
842 1708 906 1757 forte
926 1715 963 1757 ue·

223 1813 292 1847 mere

158 1886 290 1950 Eveniunt,
303 1903 357 1951 quae
368 1902 418 1936 non
430 1886 519 1942 audeus
536 1893 622 1954 optare
635 1888 641 1935 !
660 1885 752 1935 offendi
768 1886 911 1949 adveniens,

158 1979 263 2034 Quicum
274 1979 397 2038 volebam,
409 1985 482 2040 atque
492 1984 520 2026 ut
532 1976 655 2037 volebam,
677 1976 823 2025 collocatam
835 1977 928 2026 filiam:

159 2069 233 2124 Quod
244 2082 290 2118 nos
302 2070 376 2117 ambo
387 2081 461 2131 opere
472 2080 589 2118 maxumo
600 2067 720 2116 dabamus
731 2081 829 2130 operam
846 2075 875 2116 ut
884 2068 964 2130 fieret,
994 2125 997 2128 Α

160 2158 219 2208 Siue
231 2164 315 2207 nostru
322 2170 392 2217 cura,
402 2169 519 2206 maxuma
531 2169 656 2216 suueuia,
667 2157 720 2205 haec
730 2158 784 2212 sula
792 2155 857 2205 fecit.

159 2250 198 2297 So.
216 2249 289 2296 Nunc
309 2246 366 2310 quid
385 2259 446 2310 opus
465 2247 529 2294 iacto
548 2245 590 2306 rit,
609 2245 685 2296 ride:
711 2253 781 2309 pater
801 2246 962 2296 adolescentis

222 2335 303 2388 venit:

157 2425 269 2486 Eumque
281 2421 363 2472 animo
375 2422 459 2484 iniquo
470 2421 518 2471 hoc
534 2420 624 2485 oppido
641 2422 706 2470 ferre
718 2421 795 2469 aiunt.
831 2422 873 2470 010.
891 2400 961 2470 Nihil

224 2511 350 2574 pericli'rt.

156 2601 205 2652 Sed
216 2615 259 2664 per
270 2601 335 2648 Deos
347 2607 420 2661 atque
431 2597 556 2658 homiues,
570 2611 650 2646 meam
662 2611 715 2646 eme
726 2597 791 2645 hanc
803 2611 861 2645 cave
872 2596 960 2646 rescis-

222 2687 408 2751 catquisquam.
625 2685 628 2691 '

159 2783 198 2830 So.
215 2780 298 2828 Nemo
317 2791 349 2826 ex
367 2790 407 2825 me
423 2775 503 2826 scibit.
538 2775 581 2824 Gla.
598 2774 707 2836 Sequere
724 2787 778 2822 me:
796 2771 863 2822 intus
874 2781 962 2824 uoeoera

222 2866 314 2918 audies.
