2459 3800
388 483 506 534 .ACTUS
524 483 556 532 li.
596 483 706 533 SCENA
723 483 770 534 111.
931 482 980 531 315

180 623 226 672 De.
245 622 267 671 0
279 623 405 672 audaciam
418 627 424 673 l
444 624 516 674 etiam
527 639 567 674 me
578 625 645 674 ultro
656 632 796 674 accusatum
808 623 906 674 advenit
916 627 928 672 -ἓ

179 713 225 760 Ph.
242 714 305 761 Nam
313 715 364 773 jam
376 714 527 764 adolescenti
536 714 599 763 nihil
610 721 648 762 est
657 714 722 777 quod
729 727 894 768 succenseam»

180 799 206 850 Si
217 800 288 850 illum
297 801 379 852 minus
390 811 478 852 norat:
496 803 585 867 quippe
596 803 673 853 homo
680 806 732 865 jam
740 804 867 865 grandior,

179 891 283 951 Pauper,
295 890 335 938 cui
346 904 421 954 opera
431 891 481 940 vita
491 899 554 952 erat,
567 893 619 941 ruri
631 894 683 942 iere

179 978 212 1027 Se
223 978 377 1028 continebat:
398 980 432 1029 ibi
443 995 529 1042 agrum
541 982 571 1030 de
582 990 669 1031 nostro
677 989 747 1046 patre

182 1067 318 1116 Colendum
330 1069 449 1118 habebatr
467 1085 531 1133 sape
542 1071 637 1120 interea
648 1072 709 1121 mihi
721 1085 797 1121 senex

181 1157 312 1218 Narrabat,
322 1172 348 1206 se
359 1159 425 1208 hunc
435 1159 557 1222 negligere
564 1168 694 1222 cognatum
705 1175 777 1210 snum
787 1182 793 1210 z

182 1249 217 1296 At
227 1261 300 1309 quem
308 1247 389 1296 virum
401 1251 407 1297 Ξ
427 1263 499 1311 quem
511 1263 556 1310 ego
567 1249 672 1298 viderim
683 1249 709 1297 in
720 1249 770 1298 rita
780 1258 917 1312 optumum.

185 1338 227 1386 Ge.
244 1337 343 1399 Videas,
355 1349 380 1386 te
388 1335 461 1400 atquc
470 1338 542 1388 illum
554 1347 581 1388 nt
591 1353 685 1388 narras.
717 1341 765 1388 Pl.
782 1339 811 1387 ln
826 1341 915 1388 malam
927 1353 983 1388 eru-

247 1440 300 1475 cem
313 1448 318 1476 :

184 1515 249 1564 Nam
262 1516 288 1564 ni
298 1516 333 1565 ita
343 1531 399 1565 eum
408 1516 598 1576 existimassem,
608 1527 734 1577 nunqnam
748 1523 800 1564 tam
812 1516 902 1576 gravis,

184 1604 224 1654 Ob
232 1605 307 1666 hanc,
318 1585 457 1654 inimicitias
469 1619 578 1667 caperem
588 1605 613 1652 in
623 1612 734 1654 nostram
744 1604 875 1666 familiam,

183 1695 264 1748 Quam
277 1693 298 1742 is
309 1701 451 1756 aspernatur
463 1707 528 1742 nunc
539 1701 590 1741 tam
602 1693 763 1742 illiberaliter.

185 1783 228 1830 Ge.
246 1781 343 1842 Pergin’
355 1781 415 1829 hero
425 1781 519 1829 absenti
531 1782 684 1844 maleloqui,
696 1781 862 1845 impurissime
875 1785 885 1830 ?

184 1873 231 1920 Pa.
248 1871 354 1933 Dignum
363 1878 444 1921 autem
455 1870 503 1921 hoo
512 1871 607 1922 illoest.
643 1874 686 1921 Ge.
703 1870 985 1935 Ain’tandcm,carcer?

249 1963 296 2011 De.
314 1962 383 2011 Geta.
471 1996 475 2006 ·

104 2062 108 2069 ·
187 2052 229 2101 Ge.
246 2055 374 2102 Bonorum
386 2060 509 2114 extortor,
522 2053 603 2115 legum
615 2060 752 2102 contortor.
784 2056 832 2104 De.
848 2052 921 2104 'Geta

184 2143 231 2192 Pl.
249 2143 386 2206 Responde.
421 2145 464 2191 Ge.
482 2141 544 2197 Quis
559 2136 638 2191 bomo
649 2144 708 2192 est?
727 2144 815 2193 ehem!
849 2146 899 2193 De.
913 2144 985 2192 Tace

253 2234 295 2281 Ge.
312 2231 416 2281 Absenti
428 2232 473 2281 tibi

184 2326 221 2372 'se
232 2322 355 2385 indignas,
368 2338 442 2385 seque
454 2323 539 2383 dignas
549 2322 711 2371 contumelias

165 2469 168 2477 ,
186 2415 318 2475 Nunquam
329 2413 433 2463 cessavit
442 2413 523 2462 dicere
532 2412 613 2461 hodie.
647 2415 695 2461 Dc.
713 2411 770 2461 Ohe
781 2410 873 2460 desine.

184 2502 345 2564 Adolescens,
356 2502 463 2565 primum
475 2504 518 2551 abs
529 2510 553 2551 te
566 2502 613 2551 hoc
622 2502 689 2550 bona
697 2500 769 2549 venia
778 2508 846 2563 peto,

187 2592 213 2642 Si
224 2592 270 2641 tibi
280 2592 375 2655 placere
386 2584 449 2655 potis
460 2599 507 2653 est,
520 2590 581 2640 mihi
593 2598 622 2639 ut
631 2590 780 2653 respondeas
790 2609 799 2651 ;

187 2685 266 2737 Quem
277 2681 384 2731 amicum
393 2688 463 2729 tuum
474 2680 511 2729 ais
523 2680 598 2729 luisse
609 2680 694 2740 istum,
706 2680 812 2741 explana
820 2677 881 2726 mihi
892 2697 898 2727 t

187 2774 219 2821 Et
229 2772 270 2835 qui
282 2779 411 2834 cognatum
424 2785 464 2819 me
474 2770 522 2821 sibi
532 2783 585 2819 esse
596 2769 696 2818 diceret.

190 2864 235 2910 Plo.
252 2861 357 2910 Proinde
368 2860 504 2924 explecare,
524 2858 593 2922 qnasi
605 2873 655 2908 non
668 2872 761 2907 nosses.
794 2860 842 2906 De.
859 2858 987 2907 Nossem?

254 2955 301 3000 Pl.
320 2954 366 3001 lta.

192 3045 237 3091 De.
254 3044 307 3103 Ego
316 3056 356 3090 me
368 3056 445 3103 nego:
463 3051 502 3102 tu,
513 3040 555 3103 qui
566 3039 612 3100 ais,
622 3038 704 3099 redige
715 3038 742 3086 in
754 3038 907 3087 memoriam.

189 3135 236 3183 Pa.
252 3119 311 3181 Eho
319 3139 346 3180 tu
357 3132 484 3181 sobrinum
495 3138 566 3180 tuum
579 3145 629 3181 non
638 3132 732 3179 noras?
767 3131 816 3180 De.
833 3128 938 3178 Enicas:
