2459 3800
426 425 538 475 ACTUS
556 425 599 474 tv.
632 425 740 476 sceui
759 427 788 474 V.
978 429 1010 477 47

206 568 273 617 Duo.
298 565 365 626 Eho,
388 564 480 628 inepte,
496 564 576 614 neseis
595 565 656 627 quid
674 565 708 615 sit
725 568 829 615 aeuum?
874 568 929 628 My.
945 566 1012 619 Quid

272 654 368 704 seiam
667 638 669 642 ¹

203 749 271 810 Duo.
289 745 483 796 Hicsooerestz
501 746 881 808 uliopuotoluutpoterutfieri,

209 837 245 886 Ut
255 835 330 885 sciret
338 837 402 896 haec,
414 850 469 906 qum
479 836 618 884 volumus·
636 837 691 896 My.
710 834 866 884 Praediceres.

205 927 273 990 Duo.
291 925 395 974 Paulum
405 925 522 973 interesse
533 938 629 984 censes,
639 938 672 973 ex
682 924 766 972 animo
777 924 872 984 omnia,

208 1015 244 1063 Ut
255 1014 304 1062 fert
316 1021 414 1074 nutura,
426 1013 514 1072 iacias,
523 1027 555 1062 an
567 1013 598 1062 de
610 1012 749 1062 industria?

428 1244 540 1293 Actus
558 1244 600 1293 IV.
636 1244 747 1293 scsNA
763 1247 793 1294 V.

436 1363 528 1410 Celso.
561 1361 656 1409 Musis.
689 1361 786 1409 Divus.

209 1463 238 1509 lu
249 1461 296 1509 hue
307 1460 430 1510 habitasse
441 1461 523 1523 platea
533 1459 626 1509 dictum
635 1467 674 1509 est
682 1460 845 1522 Chrysidem

209 1553 269 1605 Quae
279 1562 331 1598 sese
339 1548 469 1598 inhoneste
479 1547 571 1610 optavit
580 1561 670 1610 parare
677 1548 719 1596 hie
727 1547 826 1619 tlivitius

209 1641 304 1702 Potius,
315 1656 387 1704 quum
396 1641 422 1690 iu
433 1640 512 1704 petria
522 1641 625 1690 honeste
636 1655 728 1704 pauper
741 1641 830 1689 vivere.

209 1732 269 1792 Ejus
282 1739 361 1780 morte
370 1744 399 1779 ee
409 1730 440 1779 ad
454 1745 494 1780 me
504 1731 557 1791 lege
568 1729 697 1779 redierunt
706 1731 781 1779 boue.

210 1822 259 1872 Sed
270 1836 331 1884 quos
343 1829 484 1885 perconter,
495 1821 575 1870 video.
587 1822 692 1872 Sulvete.
726 1824 781 1886 My.
799 1822 917 1883 Obsecro,

210 1915 290 1967 Quem
301 1911 392 1961 video?
411 1919 481 1961 estne
490 1910 532 1961 hic
546 1909 627 1972 Crito,
638 1910 752 1960 sobrinus
764 1911 907 1975 Chrysidis?

211 2002 234 2050 ls
245 2007 290 2051 est.
325 2002 367 2049 Gr.
385 1998 408 2051 Ο
419 1999 506 2063 Mysis,
518 2000 593 2048 salse.
627 2002 682 2061 Mu.
699 2000 786 2049 Salvos
796 2000 841 2061 sis,
855 2000 934 2068 Crito.
1088 2060 1091 2066 ¹

210 2093 251 2141 Gr.
268 2092 337 2139 ltaue
349 2089 471 2153 Chrysis?
499 2090 574 2137 hem!
609 2091 665 2151 My.
682 2091 736 2137 Nos
745 2090 847 2152 ‚quidem
857 2091 901 2153 pol
912 2090 1013 2140 miserus

274 2176 388 2241 petildit.
761 2235 763 2238 Ι
795 2218 799 2223 .

210 2271 251 2319 Gr.
268 2267 334 2322 Quid
344 2268 408 2316 vos?
422 2280 471 2329 quo
483 2275 554 2331 paeto
565 2266 626 2315 hic?
641 2266 714 2316 satin’
726 2269 812 2316 recte?
839 2269 893 2330 My.
906 2267 1010 2316 Nosne?

275 2356 312 2406 sic
816 2352 819 2357 '

212 2448 248 2497 Ut
256 2445 362 2509 quimus,
369 2443 439 2493 aiunt
448 2463 456 2505 3
474 2443 583 2505 quaudo,
593 2452 622 2492 ut
632 2444 756 2504 volumus,
767 2458 819 2492 non
829 2442 895 2493 licet.

212 2535 252 2583 Cr.
269 2532 335 2587 Quid
346 2532 489 2595 Glycerium
502 2533 511 2578 ἓ
529 2533 581 2592 jam
593 2531 634 2580 hie
645 2544 703 2580 suos
714 2538 828 2594 parentes
836 2529 962 2593 repperit?

213 2626 267 2685 My.
285 2622 405 2673 Utinam!
443 2623 485 2671 Gr.
502 2623 543 2670 An
563 2622 676 2671 nondum
692 2620 786 2670 etism?
814 2620 876 2668 haut
890 2619 1015 2683 auspicato

277 2712 326 2760 huc
337 2726 377 2760 me
386 2710 477 2774 appuli.

214 2805 278 2853 Nem
289 2803 342 2866 pol,
355 2802 377 2853 sl
386 2802 413 2851 id
423 2802 534 2863 scissem,
547 2816 674 2865 uunquam
680 2802 729 2850 huc
738 2801 877 2851 tetulissem
888 2800 986 2864 pedem.

213 2893 315 2955 Semper
326 2892 393 2941 enlm
404 2891 470 2941 dictu
479 2899 517 2941 est
526 2894 580 2953 ejus
592 2892 645 2941 haec
654 2900 727 2954 atque
737 2892 822 2942 habite
831 2898 869 2941 est
878 2904 957 2940 soror.

213 2984 274 3037 Quae
285 2982 352 3031 illius
361 2982 470 3042 fuerunt,
483 2981 605 3044 possidet:
625 2996 692 3031 nuno
702 2996 743 3031 me
750 2981 874 3044 hospitem

213 3070 279 3121 Lites
291 3070 369 3134 sequi,
379 3084 452 3133 quum
462 3071 502 3119 hic
513 3070 575 3119 mihi
586 3069 619 3119 slt
632 3070 705 3121 imile
715 3078 788 3132 utque
798 3070 870 3131 utile,
