2459 3800
249 483 298 532 322
454 483 481 530 P.
498 483 659 532 TERENTII
676 484 843 535 PHORMIO.

249 621 300 669 An.
323 618 505 670 Miseritum’st.
544 624 592 670 Pl.
610 621 657 670 llei
681 621 746 671 veria
765 621 869 670 vincor!
907 622 951 671 Ge.
974 624 1058 678 Quam

312 711 414 774 uterque
426 710 563 760 estsimilis
575 711 629 761 ui!

248 800 296 847 Pl.
313 801 411 863 Neque,
429 800 540 863 Antipho
560 801 609 850 alia
619 815 695 862 quum
708 808 841 864 occupatus
856 809 921 851 esset
934 801 1056 851 sollicitu-

313 887 380 948 dine,

246 977 312 1024 'iiim
323 975 429 1026 hocesae
438 975 499 1025 mihi
508 977 633 1038 obJectum
644 959 754 1026 malum?
772 978 832 1028 An..
840 978 897 1026 Ah!
920 977 979 1041 quid
991 977 1056 1027 istuc

312 1072 394 1114 autem
406 1072 454 1126 est,
469 1065 605 1114 Phaedlra?

248 1155 295 1203 Pla.
313 1154 543 1204 Ofortunatisaime
563 1155 690 1219 Antipho!
725 1155 776 1203 Ara
793 1155 897 1216 ligone?
930 1157 978 1203 Pl.
996 1154 1055 1216 Cui,

312 1243 377 1306 quod
387 1257 465 1304 amaa,
476 1244 574 1294 domi’st
584 1265 590 1293 ε

248 1336 300 1384 Nec
322 1349 377 1382 cum
399 1334 540 1396 hujusmodl
562 1347 672 1397 unquam
692 1349 751 1385 uaua
773 1332 880 1383 venitut
898 1333 1055 1382 conflictares

313 1425 388 1489 mala.

246 1513 299 1562 An.
316 1512 406 1562 Mihin’
428 1513 549 1563 domi'at?
568 1513 657 1572 immo,
679 1510 746 1575 quod
757 1510 837 1572 aiunt,
853 1510 962 1560 Auribus
978 1518 1052 1559 teneo

312 1603 413 1666 lupum:
489 1584 494 1588 ’

246 1693 312 1740 Nam
323 1705 401 1753 neque
413 1691 537 1753 quomodo
557 1704 572 1739 a
589 1704 629 1738 me
646 1689 769 1749 amittam,
785 1687 901 1737 invenio:
919 1701 998 1749 neque
1014 1686 1052 1736 uti

311 1782 444 1844 retineam,
454 1782 512 1832 scio.

243 1873 294 1921 Do.
313 1871 465 1935 ipsumialuc
476 1869 538 1920 mihi
548 1869 573 1919 in
584 1870 632 1919 hoc
638 1876 684 1919 eat.
716 1868 768 1917 An.
786 1868 841 1929 Eja,
849 1880 880 1916 ne
892 1879 979 1930 parum
990 1867 1050 1916 leno

311 1959 367 2009 aies.

246 2052 313 2098 Num
323 2049 382 2111 quid
391 2049 433 2099 hie
445 2050 572 2099 coniecit?
608 2052 656 2099 Pl.
672 2047 796 2098 llicoine?
815 2045 883 2109 quod
895 2045 1053 2095 homoinhu·

310 2137 483 2189 manissimus:

245 2228 399 2291 Pamphilam
418 2229 627 2279 meamvendidit.
663 2232 705 2279 Ge.
721 2229 806 2284 Quid?
834 2228 962 2278 vendidit?
997 2229 1051 2277 An.

310 2318 381 2379 Ain',
392 2318 520 2368 vendidit?
773 2356 776 2360 -

243 2409 289 2456 Pl.
305 2405 430 2457 Vendidit.
462 2410 512 2461 Do.
529 2409 609 2463 Quam
618 2406 747 2469 indignum
758 2407 864 2467 faciam,
875 2404 993 2456 ancillam
1001 2419 1051 2454 m

307 2476 476 2545 ¹emtamauo!

243 2589 289 2635 Pl.
324 2588 409 2650 Neque
420 2600 524 2636 exorare
541 2594 570 2636 ut
581 2600 622 2636 me
633 2593 741 2646 maneat,
761 2594 787 2635 et
805 2601 864 2635 cum
876 2587 921 2635 illo
933 2593 961 2635 ut
970 2593 1050 2635 mutet

309 2675 394 2736 fidem,

243 2762 365 2812 Triduum
373 2764 438 2815 hoc:
457 2763 516 2815 dum
535 2764 571 2825 id,
588 2765 654 2826 quod
673 2771 712 2814 eat
732 2764 883 2830 promissum
905 2765 936 2812 ab
953 2763 1051 2826 amicis,

308 2859 436 2913 argentum
448 2846 542 2902 aulem.

244 2942 270 2991 Si
291 2956 342 2991 non
358 2950 411 2991 tum
431 2943 532 3005 dedero,
548 2958 623 2995 unam
644 2951 763 3007 praterea
781 2946 869 2994 horam
881 2958 912 2992 ne
933 2951 1052 3006 oppertus

306 3034 363 3083 alea.

243 3122 292 3173 no.
309 3123 441 3171 Obtundis.
474 3124 526 3173 An.
544 3126 611 3173 Haut
628 3124 729 3186 longum
741 3122 766 3173 id
782 3122 848 3185 quod
869 3130 935 3184 mat,
954 3121 1048 3175 Dorion

306 3218 392 3259 exoret
402 3210 456 3260 sine
470 3230 476 3260 ι
