2459 3800
261 513 293 563 22
483 517 510 564 P.
526 515 687 565 TERENTH
704 515 840 564 ANDRIA.

260 650 357 711 Profer,
377 652 435 702 dum
454 636 595 716 proficiscor
616 653 709 716 aliquo,
724 669 756 703 ne
770 653 873 702 rideam.
906 655 977 701 Pam.
994 647 1061 700 Audi

321 743 460 802 nunciam:

257 829 319 890 Ego,
347 831 464 891 Charine,
485 829 626 891 neutiquam
649 831 755 879 officium
777 829 848 880 liberi
873 845 927 880 esse
950 823 1060 878 hominis

322 926 391 981 Ρῑῑῑθ,

256 1007 319 1057 Cum
338 1005 360 1056 is
379 1007 441 1056 nihil
460 1015 609 1070 promereat,
629 1007 754 1070 postulare
770 1007 794 1056 id
806 998 889 1069 gratiss
900 1005 990 1069 apponi
1001 999 1058 1054 sibi.

254 1095 357 1157 Nuptias
368 1097 474 1157 effugere
485 1111 530 1158 ego
541 1097 600 1146 istas
612 1099 689 1157 malo,
700 1111 773 1159 quam
785 1105 813 1146 tu
824 1096 958 1160 adipiscier.

255 1183 298 1233 Gt.
315 1183 449 1234 Reddidisti
474 1183 592 1234 animum.
627 1189 699 1234 Pam.
718 1187 791 1235 Nunc
806 1185 828 1235 si
847 1184 905 1248 quid
921 1191 991 1247 potes
1015 1188 1059 1231 aut

317 1281 355 1335 tu,
366 1282 408 1324 aut
420 1274 460 1323 hic
470 1274 585 1338 Byrrhia,

251 1361 345 1424 Facite,
358 1364 452 1426 fingite,
463 1364 580 1424 invenite,
592 1365 691 1426 efficite,
703 1364 745 1428 qui
754 1363 825 1414 detur
838 1362 898 1413 tibi:

249 1453 302 1515 Ego
314 1452 339 1502 id
350 1467 430 1516 agam,
442 1453 503 1503 mihi
515 1454 556 1516 qui
575 1466 606 1504 ne
618 1453 697 1503 detur.
733 1454 776 1502 Gt.
800 1455 844 1503 Sat
859 1453 946 1500 habeo.
980 1453 1052 1498 Pam.

314 1543 408 1590 Davum
419 1549 519 1605 optume

244 1627 332 1690 Video,
348 1633 417 1691 cujus
433 1629 538 1680 consilio
556 1631 633 1679 fretus
656 1645 718 1680 sum.
755 1632 798 1679 ct.
816 1632 887 1679 Attu
898 1630 980 1680 hercle
990 1632 1053 1679 haut

311 1717 440 1780 quicquam
452 1718 513 1766 mihi
523 1739 531 1781 ;
795 1767 798 1773 ,

245 1805 298 1854 Nisi
311 1821 349 1862 ea,
360 1822 413 1868 quae
426 1806 489 1855 nihil
501 1820 562 1869 opus
573 1815 632 1856 sunt
642 1806 712 1856 seire.
730 1806 817 1869 Fugin’
829 1806 907 1856 hinc?
933 1810 981 1870 By.
998 1809 1051 1870 Ego

310 1910 378 1956 vero,
390 1910 417 1945 ac
429 1897 526 1958 iubens.

469 2124 581 2174 AC'FUS
599 2126 633 2173 ΙΙ.
663 2125 773 2175 SCENA
792 2127 824 2174 11.

411 2238 509 2287 Divus.
538 2239 687 2290 currimus.
716 2241 883 2289 Pisinuus.

240 2350 272 2397 Di
295 2348 362 2405 boni,
384 2350 443 2399 boni
464 2338 523 2415 quiid
542 2358 633 2416 porto!
659 2352 707 2411 sed¹
724 2354 767 2404 ubi
784 2352 907 2405 inveniam
927 2356 1044 2421 Pamphi-

305 2440 379 2488 lum?
465 2452 469 2461 “

240 2523 276 2575 Ut
286 2535 390 2589 metum,
410 2528 435 2578 in
453 2546 502 2593 quo
516 2547 580 2581 nunc
590 2541 638 2594 est,
649 2532 777 2595 adimam‚'
785 2541 857 2598 atque
867 2536 979 2599 expleam
991 2536 1046 2585 ani-

204 2645 207 2650 -
304 2632 371 2666 mum
384 2619 481 2679 gaudio.
553 2656 561 2665 .
888 2682 892 2687 .

240 2705 282 2754 Ch.
299 2708 380 2756 Laetus
397 2716 444 2769 est,
464 2710 547 2759 nescio
567 2710 635 2773 quid.
669 2714 741 2762 Pam.
766 2712 837 2763 Nihil
859 2722 911 2765 estz
931 2714 1041 2764 nondum

300 2796 352 2845 haec
364 2798 463 2847 rescivit
474 2800 548 2848 mala.
901 2803 905 2807 “

233 2885 299 2951 Dav..
317 2886 397 2939 Quem
413 2901 458 2948 ego
476 2903 541 2937 nunc
556 2888 640 2949 credo,
660 2888 681 2938 si
694 2891 747 2950 ism
765 2890 870 2941 audierit
886 2891 934 2942 sibi
944 2902 1042 2957 paratas

300 2972 408 3034 nuptias,

143 3096 147 3105 .
235 3060 278 3107 ct.
295 3060 387 3109 Audin'
410 3068 436 3109 tu
459 3042 550 3113 illum?
587 3069 653 3121 Dap.
680 3073 733 3115 toto
751 3082 790 3116 me
806 3066 896 3132 oppido
912 3067 1040 3119 exanima·

300 3154 482 3211 tumquaerere.
