2459 3800
254 510 299 558 118
440 509 469 556 P.
479 508 646 558 'TERENTH
664 509 864 559 EUNUCHUS.

251 649 337 698 Aiiuin
363 649 519 711 querebam:
548 648 596 698 iter
616 649 663 697 hae
683 648 774 698 hebui:
794 647 897 711 periioti.
932 647 978 698 Gn.
995 649 1051 708 Eja,

314 738 376 786 haut
386 736 421 785 sic
432 737 510 786 docet.

251 828 297 874 rt.
317 825 456 874 Dictum’tt.
491 827 537 874 Gir
554 827 612 874 Nou
627 837 750 886 cognosco
768 832 880 874 vootrum
894 833 946 875 tum
964 837 1051 889 ouper-

313 907 383 962 ou'm.
416 914 462 960 rt.
479 912 585 962 suero.
997 899 1003 909 ‘

254 1006 300 1053 Gn.
317 1003 389 1051 Prius
406 1001 490 1051 audite
500 1001 599 1064 paucis:
617 1002 683 1064 quod
694 1017 770 1064 quum
782 1002 879 1062 dixero,
892 1003 913 1051 si
923 1002 1052 1066 placuerit,

250 1090 367 1142 Factum
408 1093 454 1139 Pla.
478 1089 624 1139 Audiamus.
670 1093 716 1139 Gn.
738 1093 777 1140 Tu
800 1091 906 1140 concede
925 1091 1053 1154 paululum

313 1181 386 1241 istuc,
397 1181 502 1230 Thraso.

250 1268 1052 1333 Principioegovoocredereamboohocmihivehemeuterveiim,

250 1363 293 1408 Me
304 1359 377 1420 huius
388 1360 503 1422 quicquid
515 1360 588 1421 facio,
601 1361 626 1409 id
638 1362 718 1409 facere
729 1373 846 1409 maxume
855 1373 928 1408 eausa
939 1372 1002 1414 mea.

247 1451 340 1497 Verum
353 1448 374 1498 si
385 1448 451 1498 idem
463 1448 532 1497 vobio
541 1448 652 1512 prodest,
664 1463 707 1498 voe
716 1463 766 1498 nou
777 1449 859 1497 iacere
866 1447 1001 1496 inscitiu'st.

248 1541 295 1587 Pt.
313 1538 380 1593 Quid
400 1540 455 1587 eet?
504 1537 674 1586 (ruptilium
696 1551 740 1599 ego
760 1537 861 1586 rivalem
883 1534 1049 1598 recipiendum

313 1624 409 1674 denseo.
444 1628 490 1674 ΡΙι.
508 1628 584 1685 Hem,

248 1715 439 1778 Recipiendum!
465 1717 511 1764 Gn.
524 1716 610 1777 Cogita
622 1715 711 1764 modo:
724 1722 751 1763 tu
761 1715 908 1764 herclecum
918 1713 1050 1774 illa,Phae·

310 1804 375 1864 dria,

247 1896 279 1943 Et
291 1893 395 1943 libenter
405 1892 482 1942 vivite
499 1891 590 1942 etenim
601 1894 664 1943 bene
673 1894 777 1943 libenter
789 1893 892 1943 victitat.
994 1949 998 1958 ¹

248 1984 321 2038 Quod
340 1982 393 2042 dou,
412 1983 539 2048 paululum
557 1991 608 2031 est:
629 1991 654 2032 ot
665 1996 763 2033 necesse
775 1990 813 2031 est
823 1984 930 2032 multum
940 1981 1049 2046 aocipere

309 2070 441 2130 Thaidem,

246 2163 282 2212 Ut
292 2168 335 2211 tuo
346 2161 425 2209 amori
437 2157 592 2221 suppeditare
603 2160 681 2223 possit
692 2159 745 2208 sine
756 2166 839 2208 sumtu
850 2166 902 2209 tuo.

246 2250 285 2300 Ad
297 2248 380 2298 omniu
389 2249 441 2297 hate
453 2248 529 2309 magis
541 2256 704 2311 opportunus,
716 2263 761 2297 uec
772 2248 848 2310 magis
859 2264 890 2297 ex
899 2264 945 2298 usu
956 2256 999 2299 tuo

246 2340 327 2387 Nemo
346 2345 398 2387 est:
415 2336 536 2400 principio
547 2345 573 2385 et
583 2338 658 2387 habet
668 2338 734 2400 quod
745 2338 804 2401 det;
821 2345 847 2387 et
858 2339 900 2387 dut
911 2352 985 2388 nemo
995 2340 1047 2387 lar-

308 2428 370 2489 gius.

245 2520 335 2568 Fatuus
346 2525 393 2578 eet,
404 2517 524 2576 insultus,
535 2517 630 2576 tardus,
642 2512 723 2565 stertit
734 2524 866 2579 noctesque
877 2524 902 2566 et
912 2515 963 2565 dieu
974 2535 979 2563 ι
1027 2528 1028 2533 ’

245 2605 331 2670 Neque
343 2607 418 2657 istum
436 2615 542 2667 metuas,
559 2621 591 2655 ne
611 2615 677 2656 umet
693 2607 798 2658 mulier:
817 2606 888 2657 facile
904 2608 991 2670 pellas,
1001 2608 1046 2656 'ubi

307 2697 376 2747 velis.

242 2789 288 2836 Pt.
307 2786 373 2841 Quid
390 2784 506 2847 uinus?
544 2787 590 2835 tin.
608 2788 732 2835 Praeterea
747 2786 795 2834 hoc
813 2784 899 2846 etiam,
917 2784 982 2847 quod
1001 2800 1046 2847 ego

306 2876 344 2924 vel
355 2874 462 2938 primum
471 2882 540 2938 puto,

241 2962 339 3027 Accipit
348 2962 474 3012 homiuem
486 2977 560 3013 nemo
571 2964 659 3014 melius
669 2979 780 3027 prorsus,
793 2979 871 3027 oeque
882 2964 1012 3027 prolixius.

243 3056 288 3101 Pla.
306 3052 409 3112 Mirum,
429 3053 455 3101 ni
474 3053 533 3103 illoc
553 3055 655 3103 homine
672 3070 769 3118 quoquo
789 3063 860 3119 pacto
877 3055 966 3117 opu'st.
1002 3057 1045 3103 Cd.

308 3141 374 3191 Idem
387 3156 432 3203 ego
441 3142 557 3192 arbitror.
