2459 3800
230 483 279 530 218
344 515 346 517 >
442 485 471 532 P.
484 482 646 533 maurinu
663 483 819 534 ADELPHI.

231 622 273 680 Sp.
291 620 392 681 lsane3
410 633 455 681 ego
472 628 497 669 te
511 622 630 670 exercebo
641 621 725 682 hodie,
736 629 764 670 ut
780 620 866 682 dignus
884 603 921 680 es,¹
937 619 1032 670 silicer-

298 707 376 756 nium.

233 794 365 844 AEschinus
375 795 460 844 odiose
468 802 561 846 cessat:
579 795 710 859 prandium
721 797 895 860 corrumpitur.
914 849 915 854 ,

234 882 350 945 Ctesipho
365 891 446 933 autem
459 884 484 932 in
499 898 585 932 amore
604 892 642 933 est
659 892 733 934 totus.
750 885 802 947 Ego
816 887 869 946 jam
890 883 1035 949 prospiciam

270 989 273 995 ·
302 970 379 1019 mihi:

234 1062 299 1109 Nam
313 1062 367 1120 jnm
377 1060 460 1120 adibo,
478 1069 550 1122 atque
567 1061 770 1124 unumquicquid,
793 1062 860 1125 quod
877 1061 975 1125 quidem
992 1060 1040 1110 erit

298 1147 472 1208 bellissimum,

234 1236 353 1299 Carpum:
371 1243 397 1285 et
411 1237 511 1300 cyathos
531 1238 663 1286 sorbillans
682 1238 800 1300 paulatim
814 1239 885 1292 ,hunc
905 1235 1039 1299 producam

301 1323 376 1373 diem.

448 1555 560 1606 ACTUS
579 1557 622 1606 IV.
652 1556 762 1605 SCENA
780 1555 826 1604 111.

528 1671 623 1719 Micio.
657 1671 754 1718 anro.

236 1767 292 1814 Eoo
303 1765 330 1814 in
340 1765 386 1814 huc
396 1779 423 1814 re
437 1764 502 1814 nihil
512 1765 620 1828 reperio,
632 1765 792 1827 quemobrem
803 1759 888 1811 lauder
901 1768 1038 1826 tantopere,

303 1853 398 1915 Hegiot

236 1944 323 1990 Meum
343 1942 449 1990 officium
468 1941 546 1990 focio:
564 1942 631 2004 qnod
650 1949 776 2004 peccatum
795 1954 810 1989 a
829 1938 899 1989 nobis
916 1938 1040 1997 ortum’st,

303 2030 415 2091 corrigo:
861 2088 866 2095 μ

238 2116 293 2168 Nisi
304 2116 326 2165 si
337 2132 377 2165 me
385 2116 411 2165 iu
421 2115 467 2165 illo
484 2115 609 2166 credidisti
620 2130 675 2166 esse
685 2117 814 2165 hominum
826 2129 940 2176 numero,
952 2114 993 2177 qui
1005 2114 1039 2163 ita

301 2212 388 2267 putant
399 2224 407 2266 3

237 2291 290 2343 Sibi
301 2293 355 2341 lieri
366 2293 482 2355 injuriam
490 2295 567 2355 ultro,
579 2294 601 2343 si
612 2308 685 2356 quam
698 2296 777 2343 iecere
787 2292 834 2357 ipsi
844 2294 1011 2356 expostulant,

236 2382 270 2431 Et
279 2383 346 2431 ultro
358 2391 486 2432 accusant:
503 2383 530 2433 id
542 2383 660 2445 quianon
674 2390 711 2432 est
723 2398 737 2431 a
753 2397 793 2432 me
805 2383 909 2442 factum,
922 2382 972 2445 agis
984 2394 1037 2443 gra-

247 2518 249 2520 .
301 2471 367 2520 tias?

236 2562 284 2610 Hc.
300 2560 352 2620 Ah,
364 2559 478 2609 minime:
497 2574 622 2621 nunquam
634 2566 658 2608 te
667 2558 749 2620 aliter,
760 2566 832 2621 atque
842 2573 880 2620 es,
891 2557 918 2607 in
929 2557 1039 2607 animum

299 2647 387 2697 induxi
398 2662 489 2696 meum.

236 2734 285 2784 Sed
296 2750 390 2796 qnaeso,
401 2744 430 2785 ut
446 2750 496 2785 uua
512 2750 608 2784 mecum
619 2736 651 2783 ad
663 2743 766 2784 matrem
778 2736 879 2797 virginis
889 2750 940 2798 eus,
951 2736 1040 2797 Micio,

236 2825 317 2885 Atque
328 2823 394 2873 istuc
405 2826 501 2886 eadem,
516 2840 570 2888 quae
582 2824 644 2874 mihi
655 2824 727 2886 dixti,
737 2832 790 2875 tute
800 2824 865 2875 dicas
876 2826 989 2880 mulieri:

238 2912 408 2975 Suspicionem
415 2916 483 2965 -hanc
493 2922 592 2978 propter
604 2916 705 2965 matrem
718 2918 771 2977 ejns
783 2930 846 2977 esse,
857 2926 883 2966 et
893 2915 962 2965 illem
971 2916 1037 2979 psal-

301 3000 384 3053 triam.
