2459 3800
246 448 291 496 ret
326 448 354 496 P.
370 445 531 496 'bubuteun
550 443 985 496 HEAUTONTIMORUMENOS.

242 590 300 638 dam
312 588 359 636 boc
370 599 466 650 quaque
476 585 575 648 negabis
585 585 631 634 tibi
642 586 747 648 placere.
782 585 839 634 clu.
856 585 921 646 imo,
934 585 1004 650 Syre,

242 678 275 725 Et
286 691 335 737 me,
346 685 372 726 et
381 690 464 724 meum
475 690 596 736 amorem,
607 682 634 724 et
644 676 735 724 famam
745 673 861 738 permitto
871 674 924 724 tibi.

241 768 282 815 Tu
292 780 319 815 es
326 766 404 828 judex
411 766 421 816 ἐ
439 779 471 814 nc
481 763 539 827 quid
550 763 700 814 accusandus
711 764 755 826 eis,
765 763 828 814 uide.

241 859 284 919 Sy.
302 855 439 905 Ridiculum
451 862 499 915 est,
510 862 535 903 te
547 853 609 902 istuc
618 867 658 902 me
668 852 810 913 admonere,
823 851 932 916 Clitipho
942 873 950 916 3

243 943 321 998 euasi
329 943 385 992 istie
395 943 477 991 minor
488 957 544 991 mea
554 956 593 992 res
604 948 701 1004 agatur,
711 955 785 1004 quarn
798 949 848 991 tua.

245 1032 292 1082 Hic
303 1031 325 1080 si
336 1031 395 1094 quid
406 1031 477 1080 nobis
487 1033 552 1080 forte
560 1031 655 1080 adversi
666 1031 784 1092 evenerit,

139 1183 141 1188 Ι
243 1119 300 1170 Τὶ1)ἰ
310 1127 385 1169 erunt
394 1129 479 1183 parata
488 1122 577 1171 verba:
596 1119 655 1169 huic
666 1120 764 1169 homini
774 1121 885 1170 verbera.
899 1153 901 1158 -
957 1145 958 1149 ¹

245 1213 399 1274 Quapropter
414 1211 467 1259 haee
479 1225 519 1259 res
530 1209 672 1272 neutiquam
684 1211 829 1272 neglectu'st
840 1209 901 1258 mihi
912 1228 918 1258 ε
931 1243 933 1248 .

245 1301 294 1350 Sed
317 1299 399 1348 istunc
421 1312 506 1360 exora,
529 1307 559 1348 ut
579 1313 650 1348 suam
668 1304 726 1350 'esse
745 1298 880 1348 assimulet.
916 1299 977 1349 Clin.
995 1299 1048 1349 Sci-

309 1389 368 1439 licet

245 1481 377 1529 Facturum
388 1494 428 1528 me
439 1493 507 1528 csse:
525 1477 551 1526 in
563 1493 622 1527 eum
630 1479 682 1538 jam
695 1493 734 1528 res
748 1477 822 1527 rediit
830 1479 925 1540 locum,

246 1571 282 1620 Ut
292 1568 324 1618 eit
334 1581 442 1617 necesse.
477 1569 534 1616 ctu.
550 1568 642 1616 Merito
653 1575 677 1616 te
688 1582 754 1629 amo,
768 1567 856 1617 Clinia.

143 1708 148 1721 Ι
248 1659 310 1706 Clin.
325 1658 418 1707 Verum
430 1656 475 1705 illa
488 1672 519 1704 ne
531 1656 590 1718 quid
599 1656 698 1706 titubet.
732 1659 774 1718 Sp.
791 1656 943 1706 Perdocta'st
950 1658 1034 1720 probe.

248 1747 354 1803 Clitar
362 1747 410 1795 hoc
418 1747 537 1806 demiror,
548 1745 590 1809 qui
600 1754 650 1796 tam
660 1746 731 1796 facile
743 1746 850 1809 potueris

246 1835 399 1884 Persuadere
409 1835 459 1896 illi,
471 1851 525 1898 quae
537 1837 601 1885 solet
612 1851 674 1898 quos
685 1838 816 1900 spernere!

246 1929 288 1988 Sp.
305 1928 334 1974 iu
346 1937 457 1989 tempore
466 1928 497 1975 ad
507 1941 563 1975 eam
574 1927 641 1987 veni3
654 1913 720 1991 quod
731 1942 813 1977 rerum
826 1928 971 1978 omnium'st

247 2015 358 2064 Primum
370 2036 376 2065 :
394 2031 452 2065 nam
463 2017 585 2079 quendam
597 2018 686 2067 misere
697 2018 788 2067 offendi
799 2018 904 2067 militem

244 2109 305 2169 Ejus
317 2115 413 2157 noctem
425 2115 538 2157 orantem
550 2128 555 2157 :
573 2109 625 2159 hnc
637 2117 693 2158 arte
702 2110 821 2159 tractabat
830 2108 921 2171 virum,

247 2199 283 2248 Ut
294 2196 361 2245 illius
372 2196 482 2245 animum
494 2197 609 2259 cupidum
621 2198 705 2263 inopia
713 2198 869 2249 incenderet:

246 2286 388 2350 Eademque
399 2280 502 2339 uitasset
511 2291 576 2353 apud
586 2299 611 2340 te
622 2292 670 2340 huc
682 2306 754 2355 quam
767 2290 911 2353 gratissima.

246 2377 295 2426 Sed
307 2377 368 2426 heus
378 2385 416 2438 tu,
428 2378 537 2439 videsis,
548 2380 649 2443 nequid
661 2380 804 2443 imprudens
816 2394 873 2429 ruas
886 2401 892 2430 z

247 2469 346 2516 Patrem
357 2467 458 2528 novisti,
469 2467 500 2517 ad
510 2469 554 2517 has
565 2484 605 2517 res
616 2482 689 2530 quam
703 2469 735 2518 sit
748 2468 875 2533 perspicax
887 2489 892 2517 :

245 2556 299 2619 Ego
309 2564 334 2606 te
345 2564 427 2607 autern
437 2557 503 2618 novi,
514 2572 588 2620 quarn
597 2572 650 2607 asse
662 2559 741 2608 soleas
750 2557 872 2621 impotens
884 2579 890 2607 ι

246 2646 438 2705 inversaverba‚
450 2661 546 2696 eversas
556 2646 664 2696 ceruices
676 2654 742 2707 tuas,

247 2734 370 2796 Gemitus,
382 2744 500 2797 screatus,
511 2736 596 2797 tussis,
607 2736 671 2786 risus
680 2737 782 2787 abstine.

249 2824 306 2873 ctu.
324 2824 453 2874 Laudabis.
486 2827 528 2887 Su.
544 2825 660 2875 videsis.
695 2826 751 2875 clia
766 2828 883 2876 Tutemet
894 2825 1023 2876 mirabere.

248 2915 291 2974 Sy.
308 2912 357 2961 Sed
368 2913 501 2975 quamcito
511 2920 570 2962 sunt
579 2921 716 2963 consecutae
727 2914 859 2964 mulieres!

251 3001 307 3049 cur.
325 3000 374 3050 Ubi
384 3004 461 3051 sunt?
480 3016 525 3052 cur
534 3001 646 3052 retines?
684 3006 725 3065 Sp.
741 3004 799 3053 dam
817 2983 946 3053 nunciraec
957 3010 1054 3053 ueneat

313 3095 363 3139 tua.
