2459 3800
413 469 525 519 ACTUS
541 468 574 517 Π.
607 466 717 515 SCENA
732 467 763 514 V.
955 465 986 512 27

185 607 321 667 Nunquam
332 604 405 654 hodie
416 613 498 655 tecum
505 613 714 655 commutaturum
724 611 819 667 patrem

187 696 274 745 Unum
287 708 340 745 esse
350 695 460 756 verbum,
473 695 493 764 ei
502 703 527 744 te
537 694 602 744 dices
615 695 712 743 ducere.
753 717 758 725 ·

406 926 518 976 Aenos
536 926 568 973 11.
601 923 711 974 scmm
726 893 757 970 v.

302 1041 433 1088 annum.
468 1040 544 1088 Sino.
577 1039 673 1087 Dnvns.
706 1038 871 1085 Pinianus.
962 1064 966 1069 -

182 1154 276 1201 Heens
288 1166 339 1212 me,
348 1150 440 1201 relienis
451 1151 534 1211 rebus,
543 1150 616 1212 jussit
628 1148 788 1212 Pamphilum

183 1240 265 1290 Hodie
275 1241 413 1301 observare,
426 1248 462 1300 ut,
474 1239 532 1302 quid
543 1247 627 1300 ageret
637 1239 668 1287 de
679 1236 781 1299 nuptiis,

182 1329 293 1378 Scirem:
306 1328 330 1377 id
342 1337 471 1392 propterea
482 1341 549 1377 nunc
560 1328 626 1376 hunc
635 1327 772 1376 venientem
784 1340 883 1390 sequor.

182 1417 266 1480 Ipsum
278 1417 339 1466 adeo
349 1425 438 1480 praesto
449 1416 520 1465 video
531 1431 587 1464 eum
599 1418 667 1464 Davo
677 1436 683 1464 ι
701 1404 750 1464 hoe
761 1430 839 1477 agam.

182 1507 217 1554 Si.
236 1507 373 1568 Utrumque
390 1505 473 1554 adesse
496 1504 575 1553 video.
608 1507 675 1552 Dan.
709 1507 789 1553 Hem!
826 1516 904 1553 serva.
949 1505 984 1551 St.

249 1593 383 1657 Pamphile.

181 1684 248 1731 Dav.
266 1683 342 1736 Quasi
353 1683 383 1731 de
399 1681 532 1746 improviso
551 1681 645 1745 respice
664 1680 695 1730 od
706 1695 772 1730 eum.
804 1685 876 1731 Pam.
893 1681 984 1742 Ehem,

244 1777 322 1832 pater.

181 1861 249 1910 Dav.
261 1860 356 1919 Probe.
391 1861 427 1909 Si.
444 1859 524 1909 Hodie
534 1873 637 1908 uxorem
650 1857 735 1919 ducas,
746 1865 776 1907 ut
785 1857 847 1921 dixi,
859 1858 924 1908 volo.

179 1950 228 2009 By·
246 1948 318 1997 Nunc
330 1955 422 1997 nostro
434 1948 509 1995 timeo
521 1948 594 2009 parti,
606 1947 666 2008 quid
677 1947 717 1995 hic
729 1947 883 2010 respondeat.

180 2041 252 2087 Pam.
270 2040 355 2101 Neque
374 2038 439 2098 istic,
469 2052 548 2100 neque
572 2038 632 2087 alibi
649 2051 752 2099 usquam
770 2037 817 2086 tibi
834 2037 882 2087 erit
898 2036 925 2085 in
941 2051 984 2087 me

245 2140 322 2176 mora.
355 2129 404 2189 By.
422 2128 504 2175 Hem!

177 2217 245 2265 Dav.
269 2215 407 2265 Obmutuit.
454 2217 503 2277 By.
528 2212 594 2268 Quid
620 2213 702 2263 dixit?
748 2215 784 2263 Si.
811 2213 881 2263 Facis
907 2222 936 2263 ut
958 2222 983 2263 te

248 2304 331 2364 decet,

179 2395 261 2447 Quum
270 2392 344 2452 istuc,
356 2391 422 2453 quod
434 2390 541 2453 postulo,
553 2389 660 2458 impetro
669 2405 725 2438 cum
738 2388 825 2450 gretia.

176 2482 321 2531 Densum
340 2481 432 2528 verm?
474 2481 522 2541 By.
541 2479 633 2537 Herus,
658 2485 776 2540 quantum
803 2476 886 2536 audio,
903 2492 982 2527 uxore

193 2634 196 2637 Ι
243 2569 341 2619 excidit.
888 2621 890 2627 y

178 2660 214 2707 Si.
231 2660 242 2706 Ι
255 2672 320 2706 nune
329 2657 381 2717 jem
393 2656 469 2715 intro,
482 2670 513 2704 ne
524 2655 548 2703 in
559 2668 640 2713 more,
656 2667 713 2701 cum
724 2665 786 2714 opus
797 2651 840 2712 sit,
851 2650 908 2701 sien.

177 2751 248 2796 Pam.
273 2748 318 2795 Eo.
352 2748 401 2807 By.
419 2746 526 2795 Nullane
538 2744 565 2794 in
584 2758 611 2793 re
637 2756 690 2791 enee
712 2741 809 2790 homini
822 2739 935 2804 cuiquem
951 2741 981 2789 fi-

243 2836 316 2884 dem!
522 2814 525 2819 ·
569 2894 572 2899 Ι

173 2928 269 2980 ,Verum
281 2925 342 2974 illud
353 2924 497 2983 verbumst,
508 2923 581 2984 vulgo
592 2920 658 2983 quod
669 2920 718 2969 dici
730 2918 803 2980 solet,

176 3016 271 3066 Omnes
281 3014 328 3064 eibi
340 3014 414 3063 malle
424 3013 512 3061 melius
523 3025 586 3071 ense,
598 3023 672 3071 quam
683 3008 765 3058 alteri.

175 3106 228 3167 Ego
239 3104 309 3153 illam
320 3102 369 3153 vidi
378 3100 387 3153 ι’
404 3102 523 3165 virginem
536 3103 616 3151 forma
628 3100 693 3149 bona
