2459 3800
243 435 272 483 10
384 501 386 506 ,
483 434 512 482 P.
528 432 688 482 TERENTII
705 433 843 482 Annam.

242 573 292 630 Qui
303 581 404 636 gnatum
414 573 531 623 haberem
543 573 588 622 tali
598 573 699 634 ingenio
710 573 849 636 praeditam.

241 664 308 720 Quid
317 663 397 714 verbis
408 679 469 727 opus
480 665 537 712 ast?
557 663 603 711 hac
612 663 679 711 fama
688 662 808 725 impulsus
819 662 938 712 Chremes

242 755 316 804 Ultro
327 753 358 802 ad
369 751 496 813 mevenit,
507 749 606 800 unicam
619 759 719 811 gnatam
730 765 801 800 stram

242 844 306 893 Cum
313 842 369 892 dote
381 856 478 891 summa
488 841 541 890 lilio
553 855 658 900 uxorem
668 849 697 891 ut
706 841 786 892 daret
808 858 810 863 ·
858 825 862 832 ¹

241 932 338 982 Placuit
350 953 358 995 ;
377 932 509 995 despondi:
526 932 569 980 hic
579 931 673 995 nuptiis
684 931 764 981 dictus
774 939 813 982 est
822 931 885 981 dies.

240 1023 281 1070 So.
299 1020 366 1075 Quid
377 1021 470 1081 obstat,
482 1035 528 1070 cur
538 1035 589 1070 non
599 1036 662 1070 verae
670 1022 750 1070 liant?
770 1023 808 1071 Si.
823 1020 925 1086 Audies.

241 1111 302 1159 Fere
314 1109 340 1158 in
352 1109 438 1159 diebus
450 1110 544 1173 paucis,
557 1111 646 1173 quibus
656 1111 710 1160 haec
718 1119 774 1161 acta
782 1120 850 1173 sunt,

243 1200 343 1264 Chrysis
354 1200 433 1250 vicina
444 1201 497 1250 haec
508 1201 622 1250 moritur.
656 1206 697 1251 So.
715 1202 841 1251 Oiactum
852 1203 929 1251 bene!

242 1291 343 1354 Beasti;
361 1291 439 1340 metui
450 1305 464 1339 a
475 1289 603 1354 Chryside.
637 1293 674 1340 Si.
692 1291 730 1341 lbi
741 1299 795 1340 mm
807 1290 874 1340 filius

244 1379 380 1440 Camillis,
392 1379 434 1441 qui
445 1379 560 1432 amabant
576 1378 734 1444 Chrysidem,
745 1394 796 1430 una
812 1379 897 1428 aderat
911 1379 1028 1442 frequens
1040 1397 1049 1440 3

244 1469 352 1518 Curabat
362 1483 413 1518 una
423 1469 509 1530 funus,
521 1467 598 1517 tristis
611 1468 722 1530 interim,

243 1559 648 1622 Nonnunquamconlacrurnabat.
661 1559 758 1608 Placuit
767 1566 822 1608 tum
832 1559 858 1608 id
870 1557 947 1608 mihi:

244 1648 284 1697 Sic
296 1649 433 1710 cogitabam
447 1647 528 1709 :1Hic,
541 1663 621 1710 parvae
635 1648 822 1697 consuetudinis

247 1741 337 1799 Causa,
349 1747 454 1788 mortem
465 1739 539 1800 hujus
550 1745 601 1787 mm
613 1739 662 1787 fert
672 1738 828 1787 familiariter
839 1758 844 1786 :

246 1827 322 1888 Quid,
334 1827 355 1876 si
367 1827 418 1890 ipse
427 1835 533 1878 amasset
546 1830 556 1876 ?
576 1827 635 1890 quid
644 1827 686 1876 hic
698 1827 760 1877 mihi
769 1827 845 1876 faciet
851 1825 916 1890 patri
927 1828 937 1874 ἓ

249 1918 307 1966 Haec
318 1932 363 1979 ego
376 1918 491 1981 putabam
503 1932 555 1967 esse
567 1918 652 1967 omnia
662 1919 765 1967 humani
776 1917 869 1981 ingeni,

246 2006 419 2075 Mansuetique
429 2006 507 2056 animi
517 2007 605 2056 officia.
640 2007 800 2076 Quid-multis
812 2020 896 2056 moror
907 2008 917 2055 ἓ

246 2098 350 2158 Egomet
361 2108 461 2160 quoque
468 2100 521 2159 ejus
533 2112 606 2147 causa
617 2097 644 2145 in
652 2098 726 2146 funus
737 2098 842 2160 prodeo,

248 2186 319 2235 Nihil
342 2187 468 2251 suspicans
486 2187 560 2237 etiam
582 2186 651 2235 mali.
685 2190 726 2236 So.
745 2188 821 2247 Hem,
842 2185 901 2248 quid
921 2187 980 2235 est?
1012 2186 1052 2235 Si.

315 2274 391 2325 Scies.

247 2364 355 2413 Effertur
365 2384 370 2412 ι
388 2363 460 2413 imus.
473 2367 571 2414 Interea
581 2362 648 2413 inter
658 2364 787 2425 mulieres,

248 2455 309 2509 Quae
319 2453 475 2514 ihi-aderant,
486 2454 550 2503 forte
563 2468 638 2503 unam
650 2453 758 2516 adspicio
768 2452 987 2515 adolescentulam,

249 2544 353 2593 Forma!
373 2546 414 2593 So.
431 2546 502 2593 Bona
513 2545 626 2592 fortasse.
662 2545 698 2592 Si.
715 2543 840 2602 Etvultn,
850 2541 932 2603 Sosia,
982 2563 984 2566 ·

248 2633 317 2682 Adeo
329 2632 452 2693 modesto,
463 2632 525 2681 adeo
536 2639 651 2692 venusto,
663 2639 692 2680 ut
702 2631 766 2680 nihil
781 2645 863 2695 supra.

249 2722 314 2777 Quia
325 2730 378 2771 tum
390 2723 450 2772 mihi
462 2722 591 2772 lamentari
608 2728 696 2786 praeter
706 2729 808 2771 caeteras

248 2813 308 2863 Visa
315 2820 353 2862 est
363 2833 371 2875 3
389 2820 414 2862 et
424 2812 483 2875 quia
491 2820 544 2861 erat
556 2813 637 2861 forma
648 2819 735 2875 praeter
745 2817 845 2861 oaeteras

251 2904 361 2951 Honesta
372 2910 397 2951 et
407 2902 504 2951 liberali
515 2922 523 2965 ;
542 2901 631 2951 accede
643 2902 674 2950 ad
682 2899 826 2963 pedisequas
836 2922 844 2964 ;

192 3012 196 3019 ·
250 2994 311 3045 Quae
323 2990 366 3051 sit,
377 3005 446 3053 rogo.
459 2993 575 3041 Sororem
587 3005 641 3040 esse
652 2990 722 3039 aiunt
731 2990 866 3055 Chrysidis.

253 3082 377 3131 Percussit
387 3082 455 3131 illico
462 3082 572 3133 animum
579 3102 587 3134 ε,
603 3083 638 3131 At
648 3084 689 3131 at!
707 3082 756 3131 hoc
768 3082 831 3132 illud
841 3084 890 3131 est!
