2459 3800
244 441 295 492 268
468 442 494 496 Ρ,
509 441 671 495 TEREN'l'Il
689 442 834 494 HECYRA.

246 581 322 643 llere,
333 578 408 630 etiam
420 587 448 630 tu
458 595 524 630 nunc
531 579 573 630 hic
583 581 652 633 elne?
680 583 753 632 Pam.
764 581 797 630 Et
808 580 908 643 quidem
916 588 942 632 te
951 596 1059 648 exspem

308 679 343 720 to.
376 673 437 720 Par.
455 670 520 726 ouid
530 673 587 720 est?

245 763 317 810 Pom.
334 762 363 809 ln
374 775 456 810 urcem
475 767 618 811 transcurso
636 773 698 824 opue
709 769 755 811 een
788 763 848 812 Pur.
867 759 915 811 Cui
932 760 1053 813 homini?

231 903 236 914 ,
310 853 382 900 Pam.
397 851 465 900 Tibi.

245 943 305 990 Pur.
331 941 360 988 ln
378 942 478 990 arcem!
497 939 557 1002 quid
575 943 627 990 eo?
666 943 742 991 Pam·
755 940 944 992 Callidemidem
965 939 1055 1004 hospi·

309 1036 360 1078 tem

235 1117 398 1184 Myconium,
409 1118 451 1181 qui
464 1133 558 1168 mecum
570 1132 621 1167 une
631 1119 775 1181 advecnn‘et,
786 1119 899 1170 conveni.

244 1212 304 1260 Por.
320 1209 402 1259 Perii!
421 1209 516 1260 vovisse
528 1209 595 1260 hunc
606 1209 697 1270 dicam,
710 1209 731 1258 ni
743 1211 823 1259 salvos
834 1209 941 1259 domum·

244 1301 356 1352 Redisset
364 1316 483 1365 unquam,
496 1308 523 1350 ut
534 1315 574 1350 me
582 1300 732 1350 ambulando
743 1308 879 1363 rumperet

245 1395 317 1443 Pam.
333 1391 400 1448 Quid
411 1393 512 1441 cessas?
548 1394 608 1440 Por.
620 1387 733 1444 Quidvis
744 1388 843 1438 dicam?
863 1404 895 1439 an
906 1388 1052 1440 conveniam

309 1483 403 1532 modo?

245 1576 317 1622 Pam.
334 1570 499 1634 Immo,qnod
510 1569 627 1620 constitui
636 1583 677 1618 me
686 1568 761 1618 hodie
770 1576 947 1618 conventurum
959 1582 1029 1630 eum,

245 1665 303 1712 Nou
314 1676 386 1726 posse
397 1684 402 1712 ι
416 1676 448 1710 ne
459 1675 498 1710 me
510 1661 602 1710 frustra
613 1658 665 1708 illic
675 1666 814 1722 exspectet:
831 1660 895 1707 volu
994 1676 999 1682 ·

244 1756 305 1803 Por.
322 1755 356 1802 At
374 1767 424 1802 non
443 1751 501 1802 novi
520 1748 628 1800 hominis
645 1748 742 1798 faciem.
781 1751 853 1798 Pcm.
870 1750 906 1798 Ae
921 1746 1010 1798 faciam
1025 1757 1055 1800 ut

306 1842 418 1892 noveris:

244 1934 360 1994 Magnus,
372 1932 532 1993 rubicundus,
544 1932 650 1996 crispus,
658 1945 765 1992 erasnm,
777 1930 875 1994 oeeiue,

246 2020 401 2071 Cadaverosa
409 2020 479 2069 facie.
512 2025 573 2070 Par.
590 2021 632 2072 Dii
642 2021 714 2070 illum
725 2020 847 2085 perduint,

245 2108 320 2169 Quid,
331 2108 353 2158 ni
362 2123 412 2159 non
422 2110 525 2159 venien?
545 2124 691 2162 maneamne
698 2110 817 2173 nequead
827 2113 974 2174 vesperum?

243 2202 315 2249 Pam.
332 2199 448 2249 Menelo:
460 2214 540 2249 curre.
574 2203 635 2251 Par.
653 2203 711 2249 Non
722 2213 799 2263 queo:
815 2199 971 2251 itadeleesus
982 2215 1049 2251 eum.

243 2294 316 2339 Pam.
334 2289 380 2337 llle
391 2287 460 2347 abiit:
478 2288 536 2353 quid
547 2303 618 2351 agam
628 2288 737 2339 infelix?
756 2304 857 2352 prorsus
867 2288 951 2339 nescio

244 2381 300 2434 Quo
312 2386 383 2442 pacto
393 2379 441 2427 hoc
451 2380 539 2441 celem,
551 2379 616 2442 quod
630 2394 670 2428 me
679 2378 758 2428 oravit
769 2380 910 2443 Myrrhine,

244 2470 300 2519 Suae
310 2475 390 2531 gnate
398 2476 512 2531 partum:
531 2482 589 2517 nam
602 2484 642 2518 me
654 2468 753 2517 miseret
764 2467 884 2517 mulieris.

242 2558 316 2617 Quod
326 2565 423 2621 poleno,
434 2557 539 2621 faciam
558 2564 641 2607 tamen
650 2565 680 2607 ut
690 2558 804 2620 pietatem
816 2558 896 2607 colam
907 2576 914 2606 ε

243 2651 308 2698 Nam
321 2663 361 2697 me
370 2646 465 2711 parenti
477 2647 567 2711 potius,
579 2661 654 2710 quam
664 2647 744 2697 amori
755 2646 858 2710 obsequi

244 2739 356 2801 Oportet.
373 2739 432 2787 Atat
442 2751 527 2787 eccum
538 2736 686 2801 Phidippum
696 2745 722 2787 et
732 2744 827 2801 putrem

241 2824 333 2876 Video:
351 2826 453 2880 horeum
464 2832 582 2889 pergunt:
599 2824 659 2887 quid
668 2825 749 2875 dicam
760 2826 838 2888 hisce,
850 2825 959 2879 ineeruu
969 2841 1033 2877 eum.
