2459 3800
259 464 307 513 350
473 466 500 513 Ρ.
516 463 678 513 TERENTII
696 462 864 513 PHORMIO.

260 600 301 651 Sic
310 600 386 650 dabo:
405 613 449 660 age
458 614 536 661 nunc,
548 599 724 650 Phormionem
737 603 779 663 qui
789 602 857 650 volet
866 601 979 651 lacessito
992 624 998 653 :

260 692 326 738 Faxo
335 689 379 738 tali
390 703 445 737 eum
460 696 602 749 mactatum,
614 697 687 752 atquc
695 690 736 739 hic
744 697 791 750 est,
803 690 952 739 inforttmio.

259 778 352 827 Redeat
363 792 420 828 sane
431 778 457 827 in
469 779 585 840 gratiam:
605 780 656 839 jam
670 779 782 841 supplicii
793 780 853 829 satis
861 787 900 829 est
909 780 986 829 mihi:

261 868 342 917 Habet
351 868 403 916 haec
414 868 438 916 ei
450 868 526 929 quod,
538 868 597 915 dum
609 867 685 927 vivat,
697 881 774 929 usque
784 867 815 915 ad
825 880 911 917 aurem
921 868 1065 929 ogganniat.

258 958 309 1004 Na.
327 958 360 1005 At
369 971 423 1005 meo
435 956 535 1017 merito,
553 956 643 1005 credo!
662 956 720 1017 quid
727 970 772 1018 ego
783 972 850 1005 nuuc
859 971 1067 1020 commemorem,

323 1044 456 1107 Demipho,

259 1130 416 1193 Singulatim,
431 1134 509 1195 qualis
520 1148 565 1194 ego
576 1134 602 1181 in
613 1133 679 1181 hunc
696 1134 806 1183 fuerim?
843 1137 890 1182 De.
909 1134 973 1182 Novi
991 1149 1064 1196 aeque

324 1224 408 1272 omnia

259 1312 360 1361 Tecum.
393 1314 443 1360 Na.
472 1312 590 1361 Meriton'
612 1313 660 1360 hoc
680 1326 736 1360 meo
754 1311 849 1360 ridetur
871 1314 983 1361 factam?
1019 1317 1070 1362 De.

324 1401 436 1449 Minume
449 1402 558 1462 gentium
571 1418 576 1447 :
957 1470 959 1473 Α

260 1491 353 1537 Verum
365 1488 520 1551 quandojam
531 1489 666 1539 accusando
679 1489 733 1537 fieri
743 1489 863 1537 infectam
874 1504 924 1539 non
935 1498 1025 1553 potest,

262 1582 381 1641 Ignosce3
401 1587 465 1640 orat,
476 1581 617 1640 confitetur,
629 1585 731 1641 purgat:
749 1578 855 1639 quidvis
867 1579 992 1641 amplius?

260 1671 307 1717 Plo.
324 1669 455 1718 Enimvero
466 1668 534 1731 prius
553 1683 627 1731 quam
638 1670 690 1717 hec
707 1666 749 1715 dat
760 1665 866 1727 veniam,
886 1666 947 1715 mihi
967 1668 1066 1731 prospi-

325 1756 387 1811 ciam
400 1764 425 1805 et
433 1755 559 1806 Phaedriae.

265 1846 343 1906 Heus,
362 1845 528 1905 Nausistrata,
554 1845 622 1908 prius
646 1859 720 1906 quam
738 1844 796 1893 huic
812 1845 944 1908 respondes
961 1853 1066 1907 temere,

326 1933 392 1982 audi.
425 1935 475 1982 Na.
494 1933 558 1988 Quid
569 1936 626 1982 est?

188 2065 191 2070 .
262 2023 309 2068 Pa.
325 2021 378 2080 Ego
389 2019 468 2069 minas
480 2021 579 2082 triginta
590 2035 634 2083 per
645 2020 767 2070 fallaciam
783 2022 813 2070 ab
826 2021 871 2070 ilio
882 2022 988 2071 abstuli:

261 2109 310 2156 Eas
322 2108 379 2156 dedi
390 2117 433 2156 tuo
444 2117 533 2170 gnato:
552 2111 572 2158 is
584 2125 629 2172 pro
640 2125 684 2160 sua
695 2112 774 2162 amica
784 2112 869 2160 lenoni
879 2112 954 2162 dedit·

263 2195 305 2244 Ga.
324 2197 403 2243 Hem!
433 2196 490 2259 quid
502 2197 558 2246 ais?
594 2200 645 2246 Na.
661 2198 757 2247 Adeon'
768 2201 815 2249 hoc
832 2201 959 2262 indignum
971 2200 1015 2250 tibi
1026 2201 1064 2250 vi-

326 2284 407 2344 detur,
419 2269 485 2334 filius

264 2373 346 2420 Homo
358 2373 499 2423 adolescens
512 2373 533 2424 si
542 2375 616 2426 habet
626 2391 699 2425 unam
714 2378 829 2438 amicam,
840 2386 867 2426 tu
878 2393 969 2428 uxores
979 2371 1040 2428 ¹duaa
1051 2382 1062 2427 ἓ

262 2459 331 2508 Nihil
346 2461 456 2524 pudere?
477 2478 525 2526 quo
538 2479 581 2512 ore
594 2465 665 2513 illum
676 2467 836 2528 objurgatis?
857 2468 977 2530 responde
993 2469 1063 2518 mihi.

261 2551 309 2598 De·
326 2549 408 2599 Faciet
420 2558 446 2599 ut
457 2553 530 2600 voles.
563 2555 614 2602 Na.
632 2555 723 2615 Immo,
735 2563 763 2603 ut
774 2568 855 2602 meam
865 2557 917 2615 jam
929 2555 990 2604 scias
1006 2570 1062 2605 sen·

325 2637 439 2698 tentiam,

262 2727 348 2786 Neque
358 2740 404 2786 ego
415 2725 526 2786 ignosco,
538 2740 616 2787 neque
629 2731 746 2788 promitto
758 2731 900 2793 quicquam,
922 2747 1001 2795 nequa
1012 2748 1065 2783 res-

326 2813 432 2874 pontico,

263 2899 334 2948 Prius
345 2915 418 2962 quam
429 2911 529 2963 gnatum
539 2901 627 2951 video:
644 2906 698 2964 ejus
706 2905 801 2965 judicio
818 2907 934 2969 permitto
946 2911 1030 2959 omnia
1042 2931 1048 2958 :

262 2988 335 3041 Quod
345 2989 366 3038 is
375 2991 480 3052 jubebit,
500 2991 597 3041 faciam.
630 2994 676 3040 Pa·
694 2993 785 3042 Mulier
797 2995 893 3057 sapiens
904 3010 941 3055 es,
959 2997 1064 3046 Nausis-

325 3076 397 3126 trata

252 3163 309 3210 ‘Nu
321 3162 385 3212 Satis
392 3163 436 3211 tibi
443 3167 498 3212 est?
516 3169 562 3213 Pa.
572 3169 827 3230 immoveropulchre
833 3153 1065 3236 discedo,etprobe,
