2459 3800
431 473 543 524 rurus
560 473 591 522 v.
625 473 734 524 sceui
752 449 795 523 ru.
967 474 1014 522 231
1074 443 1081 456 '

212 609 346 674 coquendo
356 609 390 660 sit
398 611 635 662 iaxoetmulendo:
654 619 742 676 preter
752 613 805 663 hec

210 700 317 749 Meridie
326 699 380 764 ipso
389 700 476 750 muium
487 707 516 750 ut
525 701 642 764 stipulam
654 700 769 762 colliget:

209 789 273 839 Tem
284 797 410 839 excoctam
427 789 529 840 reddam
547 798 620 853 atque
637 798 726 851 auum,
744 803 818 852 quam
828 790 943 841 eurbo'st.
966 793 1012 841 Mi.

277 881 368 930 Pleuet
866 891 870 898 '

211 971 285 1020 Nune
296 970 359 1020 mihi
367 971 449 1021 ridere
458 985 543 1035 sapere
554 992 560 1022 ε
577 979 651 1034 etque
661 972 774 1035 equidem
785 971 875 1032 fllium,

210 1061 277 1111 Tum
288 1059 362 1109 etiem
373 1059 394 1109 si
405 1061 478 1121 nolit,
486 1075 572 1122 cogam
579 1068 608 1110 ut
618 1076 674 1110 cum
687 1061 730 1110 ilia
740 1075 792 1111 unu
802 1062 883 1111 cubet.

212 1151 260 1198 De.
277 1147 400 1199 Derides?
419 1149 568 1222 summme,
580 1149 623 1211 qui
637 1149 698 1199 istoc
709 1149 792 1199 animo
803 1149 851 1199 sies
861 1169 868 1200 ε

212 1240 265 1301 Ego
277 1239 366 1288 sentio.
398 1241 445 1288 Mi.
461 1240 518 1289 Ah!
536 1239 668 1303 pergisne?
703 1241 751 1288 De.
768 1240 876 1300 Jamjsm
888 1237 981 1288 desino.
1001 1235 1004 1244 ’

213 1326 261 1377 Mi
277 1330 288 1377 1
299 1343 358 1390 ergo
370 1327 452 1378 iutro:
469 1327 542 1378 etcui
552 1327 589 1377 rei
599 1323 661 1391 opus
672 1334 720 1387 est,
731 1327 754 1376 ei
769 1326 875 1377 hilarem
885 1328 952 1376 huuc
972 1341 1015 1376 su·

279 1429 374 1466 mamus
384 1415 458 1466 diem.

453 1655 565 1706 ACTUS
582 1655 613 1704 V.
646 1653 757 1705 SCENA
774 1653 817 1703 1v.

566 1770 672 1818 Deum.

217 1866 353 1932 Nuuuuru
371 1867 406 1920 iia
422 1868 551 1934 quisquam
567 1871 632 1920 bene
649 1868 767 1921 subducta
783 1863 879 1919 ratiorie
897 1864 929 1917 ad
945 1865 1020 1917 vitum

283 1958 340 2018 fuit,

218 2046 284 2101 Quin
295 2062 346 2108 res,
358 2055 427 2110 etus,
436 2062 496 2097 usus
505 2063 600 2111 semper
612 2048 705 2111 aliquid
716 2054 829 2112 apportet
839 2046 914 2109 novi3

215 2135 318 2199 Aliquid
328 2144 438 2197 moneat,
448 2144 477 2186 ut
483 2125 538 2199 ills,
549 2153 603 2201 que
614 2146 639 2187 te
650 2138 712 2188 scire
721 2137 818 2199 credas,
830 2136 939 2199 nescias3
1011 2128 1015 2139 '

217 2226 251 2275 lit
261 2240 315 2288 quae
324 2225 370 2276 fibi
381 2227 474 2290 puteris
484 2227 573 2290 prima,
586 2228 612 2277 iu
623 2228 775 2291 experiundo
785 2226 899 2289 repudies
911 2246 917 2275 :

220 2315 293 2370 Quod
307 2331 374 2365 nunc
385 2315 448 2365 mihi
458 2316 551 2365 evenit:
569 2330 627 2365 uam
637 2330 682 2377 ego
692 2316 767 2365 vitam
779 2315 877 2376 duram,
889 2328 963 2378 quam
973 2314 1025 2363 vixi

285 2419 363 2467 usque
372 2404 462 2465 adhuc,

222 2494 302 2555 Prope
314 2494 368 2554 jam
378 2507 483 2543 excurso
493 2491 573 2556 sperio
584 2492 672 2542 mitto:
690 2490 716 2540 id
736 2492 915 2553 quamobrem?
936 2504 963 2539 re
974 2490 1027 2553 ipsa

287 2580 393 2645 remori,

220 2668 347 2719 Facilitate
357 2669 421 2719 nihil
429 2684 483 2720 esse
493 2669 590 2719 homiui
602 2670 691 2719 melius
703 2683 782 2731 neque
794 2666 935 2717 clementia.

221 2759 250 2807 ld
261 2774 315 2809 esse
325 2774 423 2822 verum,
440 2775 471 2809 ex
490 2754 612 2824 meatque
625 2775 657 2810 ex
668 2760 745 2810 fratre
756 2758 833 2809 cuivis
851 2757 956 2807 facile'st
967 2771 1026 2806 nos·

286 2864 356 2899 uere:
411 2880 414 2885 -
871 2916 874 2921 ¹

224 2938 272 2986 ille
281 2952 351 2987 suum
361 2952 459 3002 semper
469 2938 519 3001 egit
529 2938 604 2989 ritum
615 2938 642 2987 in
655 2938 718 2998 otio,
729 2937 756 2986 in
767 2934 898 2986 conviviis:

225 3027 350 3087 clemens,
359 3027 478 3090 placidus,
491 3027 555 3077 nulli
566 3027 656 3077 ledere
667 3041 706 3087 us,
718 3026 827 3077 arridere
838 3024 968 3075 omnibus:

224 3113 278 3165 Sibi
287 3116 364 3166 vixit:
382 3116 429 3166 sssri
441 3124 550 3167 sumtum
561 3116 619 3166 iecit
631 3137 636 3166 :
655 3130 743 3165 omues
753 3114 911 3176 benedicunt,
922 3121 1014 3166 amant.
