2459 3800
413 421 524 474 ACTUS
543 423 584 473 1v.
619 420 729 472 scliNA
746 372 780 470 Ii.
946 420 994 470 275

190 567 249 615 Nou
266 564 360 628 aedepol
378 565 443 613 olum
455 578 495 614 me
504 572 562 628 ,θοις
579 579 656 626 quum
666 563 725 626 hoc,
737 563 804 627 quod
817 562 926 624 levium,
942 568 994 610 tam

257 653 340 703 animo
349 653 467 703 iracundo
478 653 544 702 tulit.

191 745 253 803 Nae,
264 757 313 805 qua
321 743 360 791 via
369 741 491 792 sententia
501 744 555 803 eiua
566 740 646 806 possit
657 740 759 803 mutari,
771 741 832 792 acio.

192 834 247 881 Hoc
267 831 329 881 mihi
346 845 423 880 uuum
442 844 474 880 ex
493 829 606 894 plurimis
635 830 741 881 miaoriia
758 830 892 894 relliquum
913 830 994 878 iuerat

259 921 363 980 malum,

193 1008 220 1058 Si
237 1023 342 1071 puerum
360 1016 388 1058 ut
406 1009 495 1057 tollam
513 1007 597 1070 cogit:
615 1011 687 1070 cujus
706 1023 753 1058 uoa
768 1008 812 1071 qui
831 1006 997 1057 aitueaoimua

259 1103 337 1160 pater.

194 1186 259 1234 Nam
271 1199 346 1247 quum
357 1197 496 1248 compressa
515 1191 552 1233 est
568 1191 651 1246 gnata,
672 1185 755 1235 forma
770 1184 797 1233 in
810 1186 918 1236 tenebris
930 1185 998 1236 nosci

260 1285 312 1321 uon
323 1271 391 1334 quita
401 1280 453 1321 eat:

196 1364 282 1424 Neque
294 1360 429 1410 detractum
448 1361 471 1410 ei
482 1369 521 1410 eat
531 1361 674 1424 quicquam,
685 1361 729 1424 qui
739 1369 795 1425 poat
805 1360 883 1425 posuit
892 1362 999 1424 uoacier‚

264 1452 304 1514 qui
316 1452 370 1502 siet.

196 1543 251 1605 Ipse
263 1540 354 1604 eripuit
363 1541 397 1601 vi,
408 1541 434 1590 iu
446 1539 522 1602 digito
533 1555 605 1602 quem
617 1540 713 1601 habuit,
726 1540 813 1603 virgini
824 1541 909 1590 abiens
919 1554 1001 1589 aunu-

260 1631 321 1678 lum.

199 1718 279 1768 Simul
289 1732 374 1768 vereor
384 1718 551 1781 Pamphilum,
560 1732 591 1767 ue
601 1725 673 1767 orata
684 1725 769 1767 uoatra
778 1726 884 1786 uuquaat
892 1717 985 1767 diutius

200 1808 297 1868 Celare,
308 1821 382 1869 quum
393 1807 453 1857 sciet
463 1807 571 1857 alienum
583 1820 686 1869 puerum
697 1806 753 1856 tolli
760 1821 805 1871 pro
816 1821 870 1858 auo.

421 2045 531 2097 AcTUs
549 2044 591 2093 IV.
624 2042 734 2093 scuNA
751 2043 783 2091 11.

426 2158 564 2207 Sosium.
599 2158 767 2205 Pumuumus.

202 2258 262 2306 Nou
274 2257 338 2307 olam
353 2270 392 2305 me
404 2264 452 2318 eat,
462 2265 534 2319 gnato
551 2257 596 2317 mi,
607 2256 653 2305 tibi
664 2271 704 2306 me
715 2270 768 2307 eoae
780 2264 928 2319 suspectam,
939 2272 1002 2307 uxo-

266 2360 317 2394 rem
327 2352 395 2394 tuam
428 2352 431 2357 '

203 2435 305 2497 Propter
325 2446 393 2485 meua
411 2446 492 2483 morea
507 2432 566 2483 hinc
577 2432 672 2483 abiate:
690 2431 738 2482 etsi
757 2446 787 2481 ea
807 2432 947 2481 dissimum
966 2446 1005 2481 ae-

268 2522 335 2572 dulo.
517 2588 520 2593 Ι

203 2613 295 2661 Verum
306 2611 341 2661 ita
351 2625 391 2659 me
403 2610 435 2659 Di
446 2618 539 2672 ament,
550 2611 632 2673 itaque
642 2608 772 2670 obtingant
782 2623 814 2657 ex
829 2616 855 2657 to
865 2622 919 2670 qum
929 2621 1006 2672 exop-

267 2706 293 2748 to
304 2698 376 2759 mihi,

205 2788 241 2836 Ut
258 2800 384 2848 uunquam
402 2785 481 2835 aciens
500 2785 647 2847 commerui,
667 2783 755 2833 merito
776 2792 804 2833 ut
814 2791 912 2848 caperet
921 2784 1006 2834 odium

270 2874 339 2925 illam
348 2874 397 2925 mei
406 2896 412 2925 t

206 2963 290 3024 Teque
307 2971 374 3025 ante,
399 2978 472 3026 quam
490 2979 529 3014 me
546 2976 629 3013 amare
647 2963 730 3024 rebar,
751 2961 774 3013 ei
794 2962 831 3012 rei
852 2962 956 3013 firmmti
979 2963 1009 3011 fi-

273 3049 338 3099 dem.
