2459 3800
242 479 289 528 274
462 480 487 526 Ρ.
504 478 664 528 'rEREN'rrr
682 478 825 528 HECYRA.
861 500 864 505 ·

244 618 280 667 Ut
289 631 319 667 eo
334 630 414 667 essem
426 616 520 677 animo,
536 617 557 667 si
569 631 600 667 ex
611 631 661 666 usu
671 624 736 666 esset
752 624 838 666 nostro
854 614 1045 665 hocmatrimo·

308 704 376 756 nium
391 709 401 755 i

242 796 288 844 Ph.
304 796 370 845 Tun'
380 794 527 858 prospicere,
545 801 588 844 aut
602 795 716 856 J'urlicnre
732 802 843 844 nostram
861 794 888 843 iu
906 808 959 842 rem
981 793 1049 855 quod
1099 800 1103 806 ’

308 882 350 944 sit,
361 887 448 947 potes?

242 970 341 1021 Audisti
352 986 383 1021 ex
393 972 476 1035 aliquo
488 974 602 1034 fortasse,
614 972 657 1036 qni
668 972 757 1024 vidisse
769 988 826 1023 enm
837 972 930 1023 diceret

244 1061 394 1121 Exeuntem,
406 1068 449 1111 aut
462 1044 792 1113 introeuntemadsmicam:
812 1062 932 1124 quiritum
941 1063 1047 1124 postea?

246 1147 273 1197 Si
285 1148 394 1198 modeste
405 1163 433 1199 ac
444 1165 501 1200 raro
512 1151 560 1200 hoc
571 1151 649 1201 inciti
668 1165 752 1199 nonne
762 1164 793 1199 ea
803 1145 956 1222 dissimulare
968 1162 1015 1196 nos

245 1237 325 1299 Magis
335 1236 472 1287 humanum
487 1248 535 1302 est,
552 1254 627 1302 quam
639 1238 699 1287 dare
711 1252 812 1302 operam
823 1238 849 1287 id
859 1238 931 1293 scire,
943 1237 985 1299 qul
1003 1250 1049 1285 nos

311 1324 408 1375 oderit?

247 1414 313 1461 Nam
323 1400 345 1462 si
357 1413 378 1463 is
389 1422 472 1478 posset
482 1416 513 1464 ab
523 1430 551 1465 ee
562 1430 615 1465 sese
627 1415 760 1478 derepente
770 1416 886 1476 avellere,

249 1504 361 1557 Quacum
371 1512 409 1555 tot
419 1514 561 1555 consuesset
572 1520 667 1556 annos:
686 1520 735 1554 nnn
754 1520 811 1555 eum
829 1505 959 1555 hominem
975 1504 1051 1553 duee-

321 1607 384 1655 rem,
912 1591 915 1597 '

251 1686 302 1735 Neo
314 1683 393 1733 virum
405 1682 464 1733 satis
480 1684 580 1733 firmum
592 1692 679 1745 gnam.
712 1685 766 1745 My.
776 1683 849 1733 Mitte
860 1684 1051 1743 adolescentem,

314 1775 427 1835 obsecro,
522 1784 524 1791 ’

252 1866 285 1914 lit
293 1874 347 1927 quae
359 1878 398 1913 me
407 1876 519 1927 peccasse
530 1862 582 1913 aisn
600 1862 651 1923 abi,
662 1863 743 1913 solum
755 1862 823 1912 solus
833 1862 952 1913 conveni:

252 1956 331 2014 Roga,
341 1953 431 2002 velitne
441 1967 556 2012 uxorem,
568 1966 661 2002 moon:
677 1951 698 2000 sl
708 1959 755 2012 est,
766 1959 795 2001 ut
804 1951 869 2000 dieat
879 1953 987 2012 vellere,
1089 1972 1094 1979 =

254 2040 353 2090 Redde:
372 2041 409 2089 sin
421 2049 459 2090 est
469 2047 550 2091 autem
561 2049 589 2091 ut
599 2040 673 2102 nolit,
685 2049 750 2090 recte
758 2055 804 2102 ego
814 2041 928 2090 consului
939 2054 1009 2090 mese.

255 2131 301 2177 Pl.
318 2128 346 2178 si
355 2128 455 2190 quidem
466 2127 508 2177 ille
519 2127 570 2191 ipse
581 2142 632 2176 uon
643 2129 706 2189 volt,
723 2136 748 2177 et
759 2136 786 2177 tn
797 2126 895 2177 sensisti
906 2142 959 2176 esse
975 2128 1000 2176 in
1011 2142 1054 2189 eo,

320 2214 459 2278 Myrrhina,

256 2306 401 2354 Peccatum:
419 2305 529 2366 ederam,
545 2307 615 2367 cujus
625 2303 767 2354 consiliose
778 2318 821 2368 par
832 2303 913 2352 fuerat
922 2303 1050 2367 prospici.¹

257 2394 424 2449 Quamobrem
442 2393 561 2443 incendor
577 2392 626 2453 ira,
641 2405 695 2442 esse
708 2404 792 2440 ausam
811 2392 891 2440 facere
909 2391 961 2441 hec
980 2399 1005 2441 te
1015 2391 1057 2440 in·

316 2484 388 2543 iussu
400 2496 473 2543 meo;

259 2571 391 2631 interdico,
403 2585 434 2619 ne
444 2569 561 2619 extulisse
570 2577 643 2619 extra
652 2568 710 2618 edis
721 2583 824 2633 puerum
835 2582 936 2631 usquam
949 2568 1017 2617 velis.

259 2659 308 2708 Sed
318 2671 363 2720 ego
374 2657 484 2718 stultior,
496 2656 557 2707 mels
567 2656 638 2706 dictis
649 2670 735 2720 perere
745 2658 809 2707 hanc
819 2657 862 2719 qni
871 2658 1000 2720 postulem.

260 2747 304 2796 lbo
315 2747 392 2806 intro,
403 2753 475 2809 atque
485 2745 580 2795 edicam
592 2743 679 2805 serris,
691 2759 722 2794 ne
733 2759 856 2808 quoquam
867 2744 954 2794 ecferri
965 2745 1059 2795 sinant.

260 2837 314 2897 My.
331 2836 432 2885 Nullam
444 2836 485 2897 pol
495 2835 569 2884 credo
581 2834 711 2883 mulierem
723 2847 763 2883 me
772 2833 923 2884 miseriorem
935 2834 1015 2883 virere
1027 2855 1034 2884 ι

262 2924 326 2972 Nam
337 2929 366 2971 ut
382 2922 422 2972 hic
441 2925 534 2973 latrum
550 2923 598 2987 poe
608 2923 651 2983 sit,
666 2921 687 2972 si
698 2922 776 2986 ipsam
788 2936 852 2985 rem,
868 2931 897 2972 nt
913 2921 969 2987 siet,
982 2923 1060 2973 resci-

325 3009 397 3072 verit,
1002 3027 1005 3032 ·
