2459 3800
244 430 294 480 236
462 432 490 479 P.
505 431 667 482 TERENTII
684 433 840 484 ADELPHI.

218 601 223 607 -
243 570 291 618 Mi.
308 568 362 618 Etsi
378 568 431 618 'hoc
450 569 512 619 mihi
534 584 648 634 pravum,
669 571 791 636 ineptum,
810 571 954 634 absurdum,
977 580 1051 636 atque

309 656 507 710 alienumavita
516 673 573 708 mea

244 747 363 804 Videtur:
392 750 414 800 ai
434 765 478 800 voa
495 759 623 816 tantopere
639 752 702 802 istuc
719 725 804 814 valtis,
822 753 873 802 liat.
915 753 959 802 ΛΕ.
984 754 1054 801 Bene

312 839 381 890 facia.

246 928 338 979 Merito
349 938 374 980 te
383 943 448 979 amo.
480 933 528 980 Da.
544 933 648 992 Verum,
666 931 725 994 quid
736 947 782 995 ego
793 931 894 982 dicam?
913 931 961 981 hoc
976 931 1056 980 confit

312 1016 463 1082 quodvole:

248 1106 315 1162 Quid
334 1123 400 1158 nunc
418 1110 484 1173 qnod
500 1115 598 1162 restat?
622 1111 701 1174 Hegio
712 1113 751 1162 his
768 1118 806 1172 eat
826 1117 942 1173 cognatus
960 1123 1056 1173 proxu-

313 1211 379 1258 mua,

247 1285 335 1335 Afflnia
346 1287 427 1348 nobis,
439 1301 548 1350 pauper:
564 1288 627 1336 bene
639 1302 685 1336 nos
696 1287 788 1350 aliquid
800 1289 881 1337 faeere
892 1287 929 1336 illi
940 1287 1018 1335 decet.
1042 1335 1046 1342 ξ

248 1374 295 1422 Mi.
312 1373 378 1428 Quid
389 1373 487 1423 iacere?
522 1377 571 1424 De.
586 1376 668 1437 Agelli
679 1383 718 1425 eat
733 1376 773 1426 hic
784 1378 830 1425 sub
843 1377 903 1424 urbe
913 1374 1054 1440 paululum,

313 1463 380 1524 quod
389 1463 476 1513 locitaa
489 1463 554 1512 foras
566 1485 585 1514 :-

249 1551 313 1600 Huic
324 1551 411 1601 demna
429 1551 471 1614 qni
486 1553 589 1601 fruatur.
623 1554 671 1601 Mi.
692 1553 825 1602 Paululum
834 1551 860 1602 id
870 1555 972 1602 autem?
1007 1553 1057 1600 De.

314 1639 340 1690 si
353 1641 457 1693 multum
470 1639 512 1700 sit,
523 1648 605 1689 tamen

249 1727 399 1777 Faciundum
416 1734 468 1777 eat:
492 1713 537 1791 pro
557 1709 626 1792 patre
644 1727 702 1778 huic
721 1734 774 1778 eat:
791 1729 870 1777 bonus
889 1735 947 1778 est:
969 1733 1055 1776 noster
1100 1725 1101 1728 ’

314 1824 367 1866 est:
384 1824 449 1866 recte
459 1816 539 1865 datur.

248 1906 377 1955 Postremo
390 1920 439 1954 non
451 1920 533 1955 meum
543 1905 606 1955 illud
616 1908 718 1955 verbum
731 1906 805 1966 facio,
815 1904 880 1969 quod
886 1912 923 1967 tu,
935 1904 1023 1965 Micio,

249 1996 317 2054 Bene
327 2002 354 2043 et
370 1995 492 2057 sapienter
503 1995 566 2046 dixti
577 1995 682 2057 dudum,
693 1996 787 2045 Vitium
799 2007 930 2043 commune
942 1992 1055 2043 omnium

314 2092 362 2144 eat,

250 2172 323 2225 Quod
339 2170 443 2220 nimium
454 2172 485 2221 ad
497 2187 550 2221 rem
561 2174 587 2222 in
599 2180 699 2222 senecta
710 2172 797 2224 attenti
809 2186 893 2222 sumna
905 2192 910 2221 :
927 2173 991 2222 hanc
1006 2185 1057 2221 ma·

314 2262 396 2310 culam
407 2275 452 2310 noa
463 2261 533 2311 decet

233 2408 238 2417 .
249 2350 378 2412 Effugere:
397 2337 489 2399 dictunr
502 2358 540 2400 eat
550 2364 618 2412 vere,
628 2358 653 2400 et
665 2365 692 2399 re
704 2351 757 2414 ipsa
768 2352 822 2401 fieri
833 2358 938 2414 oportet.

249 2440 296 2488 Mt.
314 2438 379 2494 Quid
386 2438 461 2488 istc?
481 2439 595 2488 ratitum
613 2438 810 2503 quandoquidem
821 2418 931 2489 nevolt
957 2439 1001 2489 AE.
1014 2437 1054 2486 Mi

316 2536 392 2592 pater.

250 2620 298 2667 De.
316 2620 389 2667 Nunc
407 2626 436 2668 tu
448 2618 510 2667 mihi
522 2634 548 2668 es
558 2632 690 2681 germanus
708 2620 799 2683 pariter
816 2632 918 2681 corpore
930 2624 956 2667 et
967 2615 1058 2665 animo.

315 2710 363 2757 rm.
380 2690 491 2758 naiaco.

252 2798 300 2846 De.
317 2798 368 2846 Suo
380 2796 426 2846 sibi
436 2796 518 2859 gladio
530 2797 597 2847 hunc
604 2799 701 2861 iugulo.
