2459 3800
389 524 500 574 Acuus
517 524 559 574 1v.
593 525 703 595 sceui
720 527 763 576 ιν.
924 528 971 577 331

173 661 216 711 011.
234 661 378 723 Opportune
389 661 450 710 uduo
461 676 527 711 nunc
539 669 667 723 argeutum
680 656 778 712 inecum
787 664 868 725 attuli,

171 750 297 810 Fructum,
308 764 380 812 quem
393 751 479 800 Lemni
491 750 576 800 uxoris
586 750 693 799 reddunt
700 751 799 813 predia.

172 837 200 886 id
211 852 306 888 sumam
318 860 324 889 z
342 838 426 900 uxori,
437 839 483 888 tibi
494 854 556 903 opus
567 853 632 899 esse,
643 838 738 889 dixero.

387 1069 498 1121 ACTUS
511 1071 553 1119 iv.
587 1069 697 1119 SCENA
715 1070 757 1119 IV.

447 1185 579 1234 Auuieuo.
613 1184 695 1233 Gen.

172 1284 251 1333 Gen.
287 1286 329 1334 Ge.
348 1286 431 1335 Hem!
467 1286 519 1335 An.
537 1284 603 1340 Quid
623 1285 716 1347 egisti?
755 1287 797 1333 Ge]
814 1285 923 1334 Emunxi
934 1299 973 1334 ar·

238 1382 311 1435 geute
320 1388 398 1424 senes.

141 1456 143 1463 ’
172 1461 225 1511 An.
243 1462 322 1512 Satin’
343 1462 443 1512 idest?
484 1466 527 1513 tie.
545 1464 636 1513 Nescio
653 1463 753 1513 hercle:
779 1470 873 1513 tantum
892 1466 976 1524 iussus

240 1566 303 1600 sum.

172 1642 225 1690 An.
242 1642 308 1702 Eho,
319 1643 431 1703 verbero,
443 1642 510 1691 uliud
519 1643 580 1691 mihi
589 1643 723 1706 respondes
735 1656 764 1691 ao
775 1644 854 1704 rogo?

176 1732 219 1780 Ge.
237 1731 304 1785 Quid
323 1745 382 1793 ergo
404 1733 508 1781 narras?
544 1732 596 1781 An.
614 1730 681 1787 Quid
697 1745 743 1792 ego
761 1732 876 1779 narrem?
903 1743 976 1793 opera

239 1824 282 1867 tua

173 1909 213 1958 Ad
224 1909 307 1959 restim
319 1909 380 1958 mihi
390 1908 487 1973 quidem
499 1924 539 1960 res
549 1909 625 1959 rediit
635 1909 791 1974 planissume.

174 2002 211 2050 Ut
221 2008 246 2049 te
258 1999 354 2062 quidem
366 2014 452 2048 omues
462 2000 504 2061 Di,
518 2003 635 2063 Deaeque,
646 2000 737 2064 superi,
749 2000 834 2061 inferi,

174 2088 249 2138 Malis
259 2088 378 2151 exemplis
389 2089 510 2152 perdant!
531 2089 586 2138 hem
598 2093 604 2138 Ξ
624 2089 645 2138 si
657 2088 715 2152 quid
726 2088 797 2150 velis,

175 2178 240 2227 Huic
251 2178 362 2238 mundes,
375 2178 440 2240 quod
451 2178 548 2240 quidem
562 2185 628 2228 recte
638 2163 750 2226 curatum
761 2176 829 2227 velie.

175 2266 241 2322 Quid
251 2266 333 2316 miuus
342 2266 428 2316 utibile
439 2267 496 2328 fuit,
504 2281 577 2329 quam
588 2268 637 2316 hoe
649 2267 719 2316 uleus
730 2273 840 2328 tangere,

174 2356 226 2405 Aut
236 2355 364 2404 uomiuure
375 2358 499 2418 uxorem?
516 2355 607 2415 injectu
617 2361 655 2403 eet
666 2367 720 2416 speu
734 2354 807 2415 putri,

176 2445 250 2494 Posse
260 2445 329 2493 illam
342 2443 455 2493 extrudi:
476 2442 536 2492 cedo
547 2457 613 2491 nuuc
625 2455 710 2505 porro,
723 2441 841 2490 Phormio

176 2534 265 2582 Dotem
279 2533 300 2583 si
313 2532 424 2596 accipiet,
434 2546 498 2581 uxor
510 2532 622 2580 ducenda
632 2536 670 2580 eut
679 2530 793 2579 domum:

177 2622 241 2677 Quid
253 2623 315 2671 fiet?
338 2624 381 2671 Ge.
398 2623 456 2669 Non
465 2621 532 2670 enim
543 2619 623 2668 ducet.
655 2619 707 2667 An.
725 2617 805 2666 Novi:
822 2624 938 2666 ueterum

176 2714 259 2768 Quum
270 2718 399 2772 argeutum
411 2716 531 2772 repetent,
544 2715 629 2757 nostra
639 2721 713 2756 causa
723 2705 816 2755 scilicet

177 2804 206 2851 In
218 2815 319 2851 nervom
331 2799 412 2864 potius
423 2798 476 2848 ibit.
512 2799 555 2846 Ge.
572 2796 642 2845 Nihil
652 2803 700 2855 eet,
713 2795 832 2858 Antipho,

177 2892 244 2947 Quin
255 2892 320 2940 male
330 2890 453 2940 narrando
464 2887 543 2951 possit
553 2885 713 2950 depravatior.

176 2984 215 3031 'iii
227 2981 252 3030 id
264 2980 329 3044 quod
339 2979 399 3029 boui
407 2987 445 3029 est
456 2977 582 3041 exoerpis:
595 2975 664 3024 ‘dicit
671 2975 737 3037 quod
748 2974 808 3023 mali
819 2983 864 3024 eut.

178 3070 243 3120 Audi
255 3085 321 3120 nuno
331 3077 417 3120 contra
424 3071 476 3130 jam
509 3069 530 3117 si
541 3073 669 3145 argenton}
677 3064 806 3127 occeperit,

178 3160 344 3210 Ducenda'eet
354 3173 429 3221 uxor,
439 3166 467 3208 ut
477 3156 528 3207 ais:
546 3155 655 3206 concedo
666 3153 723 3204 tibi:
