2459 3800
261 473 320 529 ‚224
483 473 511 520 P.
527 469 689 520 TERENTH
707 469 864 522 ADELPHI.

272 615 394 672 Quietem
406 615 494 664 misere
502 615 550 662 hoc
561 628 614 662 esse
624 613 695 675 cupio
706 626 802 672 verum,
812 626 841 660 eo
853 627 939 662 vereor
950 612 1035 675 magis.

273 706 320 753 Mi.
331 705 378 754 Abi
390 704 502 763 domum,
513 716 541 751 ac
549 704 614 750 Deos
623 714 790 763 comprecare,
801 707 829 748 ut
840 715 945 749 uxorem
954 715 1077 752 necessest

339 793 387 842 abi.

274 882 318 930 AE.
336 880 421 935 Quid?
448 882 502 940 J'am
521 882 645 928 uxorem?
687 880 819 928 Mtiam.
852 879 992 928 AE.Jam?
1030 881 1079 928 Mt.

339 969 396 1017 Jam
407 975 525 1029 quantum
534 974 611 1030 potes.
644 968 688 1015 AE.
705 967 737 1016 Di
749 982 797 1027 me,
809 975 890 1030 pater,

275 1055 370 1104 Omnes
392 1054 499 1115 oderint,
522 1055 548 1102 ni
571 1055 648 1116 magis
669 1063 704 1116 te,
727 1069 800 1117 quam
824 1057 909 1104 oculos
930 1069 995 1104 nunc
1019 1069 1076 1104 amo

341 1157 417 1191 meos.

276 1232 324 1280 Mi.
341 1231 426 1286 Quid?
445 1231 617 1293 quemillem?
653 1233 697 1280 AE.
714 1233 802 1294 AEque.
836 1233 883 1282 Mi.
917 1231 1078 1294 perbenigne.

342 1322 386 1371 AE.
398 1321 462 1375 Quid
472 1323 481 1369 ?
500 1322 543 1369 ille
553 1321 597 1369 ubi
607 1328 645 1369 est
654 1322 766 1369 Milesius
776 1323 786 1369 ἓ

276 1410 323 1456 Mi.
340 1409 424 1458 Abiit:
441 1409 528 1470 periit:
547 1423 633 1456 navem
652 1409 776 1458 ascendit:
794 1408 892 1457 sedeur
903 1410 1001 1480 cessas?
1035 1410 1080 1457 AE.

343 1496 500 1558 Abi,patcr:
685 1549 688 1554 ¹

278 1585 318 1632 'in
329 1583 410 1645 potius
422 1585 487 1632 Deos
497 1595 665 1645 comprecare:
684 1597 741 1631 nem
753 1583 799 1631 tibi
810 1597 852 1632 cos
863 1590 929 1630 certo
939 1582 1000 1642 seio,

279 1674 336 1726 Quo
347 1672 384 1720 tir
397 1671 484 1720 melior
496 1673 575 1720 multo
592 1685 619 1720 es
635 1683 707 1733 quem
725 1683 780 1733 ego,
800 1673 1012 1732 obtemperaturos
1027 1685 1082 1720 ma·

345 1759 389 1820 gi&
943 1836 945 1841 .

279 1848 326 1894 Mi.
343 1848 395 1907 Ego
405 1860 434 1894 eo
445 1846 528 1909 intro;
545 1854 583 1908 ut,
595 1859 648 1909 qnae
659 1858 720 1909 opus
731 1854 798 1908 sunt,
808 1853 940 1910 parentur:
959 1853 986 1894 tu
1006 1845 1083 1894 iacnt

346 1935 420 1995 dixti,
429 1935 450 1983 si
458 1936 532 1997 sapis.
1068 1938 1072 1949 “’

282 2025 326 2072 AE.
338 2024 403 2078 Quid
414 2024 461 2071 hoc
472 2033 510 2071 cst
521 2025 603 2085 negoti
614 2027 624 2072 ?
644 2026 691 2073 hoc
702 2032 741 2073 est
757 2032 850 2086 petrem
860 2038 924 2084 esse,
937 2031 979 2073 aut
989 2024 1037 2073 hoc
1046 2031 1083 2073 est

345 2112 425 2160 filium
435 2114 507 2161 esse?

281 2200 307 2250 Si
319 2202 396 2249 frater
406 2209 448 2249 aut
457 2201 547 2250 sodalis
558 2209 634 2263 esset,
648 2202 689 2265 qui
701 2202 777 2263 magis
791 2216 884 2251 morem
895 2203 1009 2262 gereret?

283 2288 329 2337 Hic
352 2304 402 2338 non
419 2288 556 2339 amandus?
573 2290 671 2339 hiccine
693 2305 743 2339 non
761 2290 891 2352 gestandus
912 2292 937 2338 in
957 2290 1013 2339 sinn
1023 2292 1081 2339 est?
1163 2274 1165 2278 ¹

345 2378 404 2425 hem
416 2380 422 2425 ἱ

199 2499 202 2504 »
282 2465 367 2527 laone
386 2465 447 2515 adeo
462 2481 574 2528 magnam
598 2466 661 2515 mihi
682 2466 766 2527 injecit
786 2481 830 2515 sua
848 2466 1020 2517 commoditate
1042 2480 1082 2514 cu·

348 2566 401 2601 ram
412 2572 420 2614 3

282 2642 321 2688 Nc
331 2640 395 2689 forte
408 2640 550 2703 imprudens
561 2642 661 2702 faciam,
673 2642 738 2705 qnod
750 2643 831 2691 nolit:
849 2643 927 2692 sciens
936 2644 1034 2691 cavebo.

283 2728 332 2776 Sed
340 2743 409 2779 cesso
419 2730 456 2779 ire
468 2730 545 2793 intro,
555 2745 586 2779 nc
598 2744 667 2780 mora
678 2732 738 2781 meis
750 2731 840 2793 nuptiis
850 2738 946 2792 egomet
957 2730 1035 2779 siem?
