2459 3800
238 456 286 511 264
438 457 466 505 Ρ.
483 453 644 505 Tnanurn
662 450 806 504 uncino.

237 596 385 649 Philumena
396 600 453 648 est?
489 601 561 649 Pom.
572 597 723 648 Meliuscula
732 606 778 648 est.
812 600 852 648 So.
864 597 968 649 Utinam
977 597 1045 649 istnc

303 687 337 738 ita
347 687 379 737 Di
388 687 477 737 faxint.

236 776 302 833 Quid
318 786 346 827 tu
357 778 432 840 igitur
441 780 565 829 lacrumas
576 781 587 828 ἓ
607 786 650 828 aui
661 776 721 840 quid
731 792 757 827 es
768 785 820 827 tam
831 778 909 827 tristis
922 781 932 828 l
968 782 1043 827 Pom.

302 868 483 931 Recue‚mater.
744 858 748 862 ’
906 932 909 936 ,

237 958 277 1006 So.
295 956 361 1011 Quid
380 958 428 1008 fuit
437 959 557 1009 tumulti?
577 959 616 1009 dic
632 961 709 1011 mihi:
727 974 759 1011 an
771 961 844 1010 dolor
855 966 958 1024 repente
969 958 1041 1007 inra-

302 1046 354 1096 sit?

236 1138 307 1186 Pom.
326 1139 363 1186 lta
373 1139 505 1187 iactum'st.
539 1141 580 1189 So.
597 1139 663 1195 Quid
675 1140 756 1188 morbi
768 1142 824 1189 est?
859 1141 931 1188 Pom.
948 1136 1045 1187 Febris.

302 1228 342 1276 So·
360 1227 509 1277 Cotidiana?
544 1231 616 1279 Pom.
635 1230 757 1279 ltaaiunt.

236 1320 246 1367 l
260 1319 333 1368 sodes
344 1318 421 1380 iutro,
433 1333 569 1382 consequar
577 1322 631 1381 jam
640 1328 675 1381 te,
688 1334 744 1369 mea
754 1327 839 1369 muter.
872 1321 913 1369 So.
930 1318 991 1367 uiae

235 1411 308 1459 Pom.
323 1410 363 1457 Tu
377 1406 459 1472 pueris
470 1422 552 1469 curre,
566 1411 700 1471 Parmeno,
712 1409 819 1469 obviam,
831 1416 905 1471 atone
916 1407 952 1457 eis
962 1420 1040 1457 onera

301 1496 392 1559 adJ'uta.
500 1496 503 1503 '

237 1594 297 1639 Por.
316 1588 403 1645 Quid?
423 1604 473 1639 non
492 1588 574 1639 sciunt
590 1590 638 1654 ipsi
648 1590 724 1650 riam,
749 1589 851 1640 domum
860 1602 908 1651 qna
920 1587 1039 1637 redeant?
1094 1634 1097 1639 ,

302 1684 373 1731 Pom.
391 1682 498 1732 Cusas?

448 1920 559 1970 ACTUS
578 1921 623 1969 111.
657 1919 767 1970 SCENA
784 1920 830 1969 111.

556 2033 722 2083 Psurnrnus.

237 2140 347 2194 Nnouno
358 2149 469 2185 mearum
488 2149 572 2184 rerum
584 2135 684 2185 initium
701 2137 781 2184 ullum
792 2133 900 2182 invenire
912 2132 1040 2193 idoneum,

235 2226 308 2276 Unde
320 2224 435 2274 exordiar
447 2239 557 2286 narrare,
569 2240 623 2288 quae
634 2240 680 2274 neo
692 2222 803 2288 opinanti
815 2221 945 2284 accidunt3

233 2315 326 2366 Pauuim
338 2329 392 2378 quae
402 2314 514 2378 perspexi
531 2314 570 2363 his
587 2315 677 2376 oculis,
696 2313 787 2378 partim
805 2329 858 2377 quae
876 2312 956 2376 accepi
968 2311 1036 2360 auri-

299 2406 359 2455 bus:

235 2497 291 2550 Qua
302 2507 342 2544 me
352 2500 452 2557 propter
463 2491 630 2540 exanimatum
641 2491 714 2541 citius
725 2491 799 2542 eduxi
812 2493 888 2542 foras.

235 2583 299 2632 Nam
308 2581 383 2632 modo
395 2595 435 2630 me
446 2580 512 2628 intro
523 2588 552 2629 ut
559 2580 667 2644 corripui
678 2580 790 2642 timidus,
801 2582 851 2631 olio
863 2580 989 2644 suspicans

234 2673 324 2721 Morbo
336 2686 376 2721 me
387 2671 497 2721 visurum
510 2673 633 2732 affectam,
652 2685 680 2720 ac
698 2671 763 2722 sensi
782 2686 846 2733 esse,
857 2687 978 2722 uxorem:
996 2671 1039 2721 hei

269 2809 274 2822 ,
299 2759 376 2810 mihi!

206 2868 208 2870 ·
237 2853 369 2912 Postquam
391 2865 431 2899 me
452 2863 568 2914 aspexere
591 2851 688 2901 ancdlae
710 2853 847 2914 advenisse,
867 2851 936 2902 illico
947 2866 1047 2913 omnes·

299 2937 374 2988 simul

234 3030 307 3078 Laetae
325 3025 475 3088 exclamant,
486 3028 574 3078 Venit:
594 3029 621 3078 id
632 3029 697 3092 quod
709 3045 749 3079 me
759 3037 860 3092 repente
871 3040 1026 3094 aspexerant.

234 3115 282 3168 Sed
291 3115 409 3166 continuo
420 3118 516 3167 voltum
527 3133 613 3169 earum
625 3120 692 3169 sensi
704 3119 831 3170 immutari
840 3121 963 3181 omnium,
