2459 3800
432 455 544 508 news
566 457 599 506 11.
634 453 745 505 scuNA
765 455 785 502 Ι,
969 456 1013 503 195

208 596 338 659 iudignum
348 571 441 658 injurio
449 595 495 645 hae
506 615 515 658 ;
535 592 641 656 indignis
651 608 726 658 quum
737 598 835 656 egomet
845 590 892 642 sim
903 599 1015 656 aceeptus

275 683 364 734 modis.

209 774 254 824 Ε.
271 773 319 824 Abi
337 780 499 837 proestreuue,
520 787 549 822 no
568 775 635 823 iores
653 773 728 836 speri.
768 775 811 822 So.
829 771 952 821 Caeterum
969 771 1017 820 hoe

275 863 339 912 nun
350 844 429 912 saon(

210 955 257 1003 Ε.
274 956 285 1002 1
298 953 365 1003 iutro
372 955 425 1014 jam
436 967 513 1004 nuuc.
545 955 588 1001 So.
605 954 640 1001 At
650 951 717 1002 enim
728 967 779 1002 uou
787 951 880 1001 sinum.
912 950 957 1000 Ε.
969 951 1019 999 Ao·

275 1041 335 1090 cede
346 1040 415 1102 illue,
428 1043 551 1090 Parmeno
563 1061 570 1090 z

212 1131 326 1181 Nimium
342 1130 405 1180 istoc
418 1130 507 1180 abisti:
525 1130 566 1179 hio
585 1137 684 1193 propper
694 1131 760 1179 hune
771 1130 870 1180 adsiste.
888 1131 964 1190 Hem,
982 1130 1017 1180 sic

276 1220 342 1269 volo.

212 1309 278 1359 Cave
293 1320 359 1358 nuno
372 1309 425 1369 jam
440 1309 526 1357 oeulos
546 1322 562 1356 a
578 1307 640 1359 meis
658 1309 735 1358 oculis
755 1321 878 1372 quoquam
890 1307 1018 1357 demoveas

278 1405 350 1446 tuos:

206 1487 251 1535 Ne
261 1498 332 1534 mora
342 1485 385 1546 sit,
400 1484 422 1534 si
433 1484 567 1546 innuerim,
586 1485 645 1548 quin
664 1501 760 1549 pugnus
778 1486 898 1537 contiuuo
908 1485 935 1535 in
953 1487 1019 1535 malo

281 1574 381 1625 hamt.

213 1665 257 1711 Sa.
279 1663 345 1711 Istue
365 1663 423 1711 volo
441 1676 499 1725 ergo
521 1662 602 1726 ipsum
624 1662 740 1727 experiri.
783 1664 828 1713 Ε.
846 1623 921 1723 Hem,
942 1677 1019 1712 serva.

279 1752 327 1799 Po.
344 1749 438 1799 Omitte
448 1749 588 1800 mulierem.

214 1841 258 1888 Su.
275 1839 404 1889 Osacinus
418 1839 566 1901 iudignum!
601 1841 646 1888 Ε.
658 1839 805 1890 Geminabit
815 1840 864 1890 nisi
873 1855 952 1892 eoves.
976 1843 1018 1890 Sa.

282 1930 330 1979 Hei
340 1930 430 1979 miseno
442 1930 522 1979 mihi!

217 2019 261 2067 Ε.
278 2020 335 2067 Non
346 2018 474 2067 innuen-am
486 2039 492 2069 ι
510 2032 596 2068 nerum
603 2017 630 2069 in
641 2018 713 2073 istam
723 2026 819 2085 partem
829 2020 910 2084 potius
921 2026 1018 2083 psocuto

271 2114 372 2161 jumen.

215 2197 372 2261 inunojnm.
406 2198 449 2245 So.
465 2195 532 2251 Quid
551 2198 599 2246 hoo
611 2198 648 2247 rei
661 2202 713 2248 est!
731 2213 876 2261 regnumne,
889 2199 1017 2259 AEsehine,

280 2281 360 2332 hictu
372 2284 501 2345 possides?

217 2374 262 2423 Ε.
279 2372 306 2423 Si
318 2373 480 2437 possiderem,
490 2383 593 2425 ornatus
604 2391 671 2426 esses
683 2392 715 2427 ex
725 2376 774 2429 tuis
786 2377 924 2427 virtutibus.

218 2464 261 2512 So.
278 2461 344 2517 Quid
363 2461 409 2510 tibi
428 2462 465 2511 rei
488 2467 636 2514 mecum'st?
684 2466 730 2515 AE.
751 2464 831 2515 Nihil.
872 2467 914 2513 So.
931 2463 1018 2519 Quid?

283 2551 386 2611 nostin,
397 2551 439 2613 qui
450 2551 497 2601 sim
508 2555 518 2601 ?
554 2553 599 2601 Ε.
615 2554 673 2603 Νοιι
685 2552 806 2603 desidero.

219 2643 268 2692 Sa,
280 2640 394 2702 Tetigiue
405 2640 441 2689 tui
452 2642 600 2706 quiequam?
636 2643 679 2689 Ε.
697 2642 724 2691 Si
739 2640 875 2703 ¹attigisses,
896 2643 973 2689 serres
985 2639 1024 2688 iu·

284 2729 430 2778 fortunium.

220 2817 329 2873 Sn'Qui
339 2817 386 2867 tini
398 2819 474 2881 magis
491 2819 550 2869 lieet
561 2832 642 2868 meam
651 2819 752 2879 habere,
761 2832 808 2881 pro
820 2832 869 2880 qus
878 2830 924 2879 ego
935 2830 1024 2879 argen-

283 2908 420 2957 tumdedi?

220 2997 357 3060 Responde.
391 2998 436 3048 Ε.
452 2999 519 3047 Anne
528 2996 588 3047 sedis
598 3011 650 3047 non
662 2997 748 3047 fecisse
759 2996 806 3047 erit
817 2996 904 3054 melius
915 2996 956 3053 hic
963 2974 1023 3047 con-

286 3100 375 3135 ucnum
387 3105 394 3136 ι
737 3092 738 3097 ’
