2459 3800
372 446 484 498 Aeros
501 447 522 495 1.
556 445 667 496 scENA
684 448 716 496 ΙΙ.
926 451 955 499 13

151 588 259 637 Verebar
265 600 385 651 quorsum
395 587 517 636 evaderet.

150 675 199 730 Qui
208 683 339 740 postquam
349 675 462 725 audierat
471 690 523 725 non
535 676 620 726 datum
631 675 663 725 iri
673 676 837 726 filiouxorem
851 691 906 739 suo,

151 765 285 827 Nunquam
295 763 409 825 cuiquam
425 771 537 814 nostrum
555 767 658 814 verbum
677 765 746 826 fecit,
759 779 838 828 neque
850 766 877 816 id
891 782 955 829 aegre

216 853 284 902 uilia

152 946 187 995 Sr'.
202 945 238 994 At
254 939 321 993 nuu'e
338 943 424 993 faciet:
443 957 534 1007 neque,
552 951 581 996 ut
600 943 701 1008 opinor,
725 944 781 994 siue
804 952 848 995 tuo
866 957 956 1009 magno

217 1033 293 1081 maio.
817 1081 821 1088 .

152 1124 217 1172 Dor.
234 1120 414 1181 luminarios
424 1121 459 1171 sio
470 1137 516 1172 nee
526 1122 664 1186 opinantoia
675 1122 731 1172 duci
739 1124 804 1173 falso
814 1123 914 1185 gaudio,

149 1211 289 1276 Speranoeie
296 1211 360 1272 jam,
372 1220 455 1260 amoto
466 1223 545 1274 metu,
556 1213 622 1263 inter
634 1214 768 1264 oscitantes
779 1214 905 1278 opprimi3

152 1301 190 1350 Ne
201 1307 266 1350 esset
274 1299 378 1364 spatium
389 1299 513 1362 cogitandi
523 1302 554 1357 ad
564 1301 740 1352 disturbandas
752 1302 859 1366 nuptiae.

152 1392 255 1441 Aetnae!
279 1392 315 1440 Si.
333 1390 461 1451 Carnifex,
481 1406 535 1453 quae
553 1391 684 1454 loquitur?
720 1394 787 1440 Dav.
806 1372 887 1441 Herna
906 1400 955 1454 eet,

218 1477 468 1543 nequeprovideram.
918 1529 923 1536 ,

152 1570 186 1618 Si.
204 1570 291 1619 Dave!
326 1570 393 1618 Dav.
410 1569 485 1629 Hem,
506 1567 643 1632 quidest?
674 1570 710 1618 Si.
727 1568 841 1618 Ehodum
860 1568 892 1617 ad
907 1581 957 1618 me·

216 1661 283 1707 Duo.
300 1656 366 1713 Quid
383 1657 512 1707 hiovolt?
549 1659 584 1707 Si.
602 1656 732 1711 Quidaie?
767 1659 834 1706 Dav.
852 1659 906 1714 Qua
929 1657 960 1707 de

217 1750 264 1796 re?
299 1749 445 1810 salingam?

152 1839 236 1887 Meum
256 1845 355 1901 gnatum
368 1852 453 1888 rumor
468 1845 506 1887 eat
519 1851 610 1888 amare.
632 1841 699 1889 Dav.
717 1838 745 1888 ld
759 1838 864 1903 populus
879 1844 960 1901 curat,

218 1928 330 1979 seilicet!
349 1937 352 1943 '

155 2020 190 2067 Si.
209 2017 388 2080 Hoocineagis,
402 2032 495 2093 aunon
506 2019 530 2069 ἓ.
555 2019 621 2068 Dav.
637 2019 690 2080 Ego
702 2032 759 2067 vero
770 2006 840 2068 ierne·
864 2020 899 2068 Si.
912 2018 960 2068 Sed

219 2121 286 2157 nuno
297 2122 327 2157 ea
338 2122 377 2157 me
388 2108 530 2171 exquirere,

79 2212 83 2219 ·
142 2196 235 2263 'Iniqui
250 2195 325 2260 patria
337 2204 382 2267 eat.
417 2198 494 2258 Nam,
507 2195 572 2259 quod
586 2196 691 2246 antehac
709 2195 779 2257 fecit,
788 2196 853 2245 nihil
874 2195 905 2245 ad
920 2210 962 2245 me

220 2286 324 2336 attinet:
800 2289 802 2292 '

153 2378 218 2425 Dum
230 2383 326 2439 tempus
338 2375 369 2425 ad
385 2389 439 2425 eam
452 2390 504 2424 rem
518 2374 587 2436 tulit,
606 2374 664 2436 sini,
676 2375 788 2425 animum
803 2382 832 2425 ut
850 2376 962 2439 expleret

220 2479 301 2515 auum.

153 2554 274 2605 Nnnchie
284 2554 336 2603 diea
346 2554 422 2603 aliam
432 2552 506 2603 viram
518 2552 598 2613 affert,
610 2550 674 2601 alios
685 2566 768 2610 mores
778 2552 894 2614 postulat.

154 2648 249 2700 Dehine
267 2649 376 2712 mortuo,
393 2646 444 2697 aive
461 2646 646 2710 aequum'et,·te
664 2642 722 2707 oro,
738 2647 815 2706 Dave,
826 2652 862 2701 ,ut
877 2644 962 2695 redeat

219 2740 272 2800 iam
284 2736 395 2787 inviam.
885 2740 889 2747 '

156 2831 223 2877 Dav.
240 2829 296 2877 Hoo
306 2826 366 2890 quid
380 2812 435 2875 ait?
465 2827 501 2875 Si.
519 2825 625 2887 Omnes,
636 2822 678 2887 qui
692 2830 786 2883 amant,
797 2820 904 2884 graviuer
915 2820 963 2871 sibi

222 2916 276 2965 dari
287 2930 392 2966 uxorem
401 2916 495 2965 ferunt.

67 2989 69 2992 ’
155 3011 222 3058 nav.
241 3004 366 3056 mount.
407 2994 442 3055 ει.
459 3005 526 3054 uum
537 3002 624 3067 equo
636 3001 779 3066 magistrum
796 3000 964 3065 ceprtaaeam

227 3110 279 3146 rem
292 3096 444 3161 improbum,

582 3262 584 3267 ,
659 3214 684 3261 Q
