2459 3800
253 471 302 519 3⁴6
452 472 491 519 «P.
507 471 667 521 TERENTII
685 472 852 523 PHORMIO.

251 611 298 658 Pi.
316 610 373 657 Hec
382 608 442 657 adeo
450 623 495 670 ego
506 608 543 658 illi
552 611 605 671 jam
616 610 761 659 denarrabo.
798 610 841 659 Oi·
859 610 971 660 Obsecro
987 614 993 660 !

253 700 292 747 Ne
304 697 387 747 facies.
419 699 466 747 Pr.
484 701 540 749 Ho!
557 707 619 760 ¹tune
630 698 651 748 is
663 702 735 748 eras?
771 702 819 749 De.
836 701 872 749 Ut
887 700 960 749 ludos
973 700 1055 751 facit!

255 790 298 837 Gi.
322 787 425 837 Missum
447 796 472 838 te
491 789 602 838 facimus.
636 791 682 838 Pr.
708 790 824 837 Fabulae!
862 790 906 838 Gi.
932 790 998 844 Quid
1019 790 1060 839 ris

318 875 387 924 tibi?

252 966 388 1025 Argentum
400 964 466 1026 quod
474 965 549 1013 habes
561 965 730 1013 condonamus
741 973 774 1014 te.
808 968 855 1014 Ph.
872 966 962 1015 Audio.

253 1051 319 1107 Quid
329 1066 382 1112 ros,
396 1054 497 1113 malum,
509 1067 567 1114 ergo
579 1067 619 1101 me
629 1054 664 1102 sio
674 1054 845 1114 luditicamini,

254 1140 343 1203 Inepti,
351 1148 434 1189 vostra
445 1140 533 1203 puerili
546 1141 686 1189 sententia?

253 1229 329 1289 Nolo,
341 1231 397 1278 volo
408 1247 413 1275 ι
431 1231 498 1289 volo,
509 1227 568 1277 nolo
578 1244 677 1277 rursum
688 1249 693 1276 :
711 1229 782 1289 cedo,
792 1244 858 1292 cape.

255 1317 328 1371 Quod
339 1316 442 1377 dictum,
454 1316 621 1365 indictum'st:
639 1316 705 1377 quod
717 1316 790 1365 modo
801 1326 855 1365 erat
872 1324 964 1378 reterns,
982 1318 1009 1366 id
1021 1318 1059 1367 ir·

320 1404 393 1453 ritum
406 1414 450 1453 est.

255 1493 298 1540 Gi.
315 1494 370 1546 Quo
387 1500 468 1555 pacto,
479 1499 522 1541 ant
532 1492 597 1541 unde
608 1492 661 1541 hac
672 1491 712 1541 hic
724 1492 838 1541 rescivit?
884 1496 933 1542 De.
951 1484 1059 1543 Nescio:

256 1581 311 1629 Nisi
321 1594 359 1629 me
370 1580 461 1629 dixisse
470 1581 573 1641 nemini,
585 1580 610 1628 id
620 1588 688 1630 cerm
699 1581 758 1629 scio.

256 1669 299 1717 ct.
316 1668 434 1730 Monstri,
445 1668 480 1717 ita
491 1682 530 1717 me
543 1669 573 1717 Di
583 1678 675 1729 ament,
684 1669 773 1719 simile.
805 1673 852 1718 Pla.
870 1671 1058 1734 Injeciscrupu-

319 1759 381 1806 lum.
415 1761 462 1806 De.
482 1744 564 1807 Hem!

260 1845 361 1895 Hierine
373 1854 401 1895 ut
412 1860 427 1895 a
438 1847 564 1895 nobishoc
575 1854 671 1895 tantum
683 1848 778 1909 argenti
789 1848 893 1908 auferat,

256 1937 319 1984 Tam
330 1944 412 1999 aperte
424 1935 528 1985 irridens
540 1939 550 1984 ἓ
569 1937 649 1984 emori
658 1937 740 1986 hercle
752 1937 827 1987 satius
838 1944 885 1986 est.

257 2026 349 2076 Animo
361 2027 426 2076 virili
435 2027 596 2090 praesentique
608 2035 637 2077 ut
647 2027 691 2089 sis,
701 2042 767 2090 para.

255 2115 330 2164 Vides
341 2122 410 2164 tuum
422 2123 547 2178 peceatum
558 2129 611 2165 esse
621 2115 731 2164 delatum
743 2117 820 2176 foras,

258 2205 345 2265 Neque
350 2205 402 2265 jam
414 2203 439 2251 id
447 2204 526 2252 celare
537 2219 608 2267 posse
620 2212 644 2253 te
652 2219 756 2254 uxorem
768 2214 852 2255 tuam:

257 2293 329 2340 Nunc
341 2291 405 2354 quod
414 2291 466 2356 ipsa
477 2305 507 2340 ex
519 2292 573 2342 aliis
584 2292 740 2355 audituram,
753 2295 868 2354 Chreme,

258 2381 286 2430 ld
298 2390 393 2431 nosmet
403 2381 521 2442 indicare,
533 2381 679 2444 placabilius
690 2390 736 2431 est.
784 2432 786 2436 ,

257 2472 322 2519 Tum
333 2471 398 2519 hunc
408 2470 557 2534 impuratum
570 2471 702 2534 poterimus
715 2477 800 2520 nostro
813 2469 887 2526 modo

258 2557 360 2609 Ulcisoi.
393 2561 440 2610 Ru.
457 2560 531 2608 Atat!
550 2559 598 2609 nisi
605 2559 668 2608 mihi
677 2559 810 2623 prospicio,
822 2560 922 2609 haereo:

258 2645 292 2695 Hi
304 2647 449 2708 gladiatorio
460 2647 543 2696 animo
553 2648 583 2696 ad
597 2663 636 2696 me
646 2649 762 2698 affectant
771 2648 846 2697 viam.

261 2736 303 2783 Gi.
320 2735 354 2783 At
365 2749 452 2784 vereor
460 2743 487 2784 ut
495 2736 585 2798 placari
594 2746 684 2800 posset.
716 2741 764 2786 De.
782 2739 855 2786 Bono
865 2737 1004 2788 animoes:

257 2825 309 2884 Ego
319 2823 428 2885 redigam
440 2839 483 2873 vos
495 2825 520 2872 in
530 2825 644 2888 gratiam3
662 2827 709 2874 hoc
721 2827 810 2887 fretus,
822 2827 939 2887 Chreme,

258 2914 361 2966 Quume
373 2913 453 2961 medio
465 2914 580 2974 excessit,
590 2913 655 2962 unde
666 2915 719 2963 haee
729 2916 873 2977 snseepta’st
882 2915 949 2976 tibi,¹

259 3003 306 3048 Pr.
323 3002 392 3050 Itane
404 3001 474 3062 agitis
485 3005 600 3051 mecum?
618 3003 678 3052 satis
688 3011 767 3052 astute
778 3003 947 3065 aggredimini.

259 3092 315 3138 Non
325 3091 408 3138 hercle
419 3105 449 3138 ex
459 3106 485 3140 re
498 3091 567 3141 istius
579 3107 619 3141 me
629 3092 761 3156 instigasti,
772 3093 907 3157 Demipho·
