2459 3800
230 481 278 531 m
427 479 631 529 urrunnun
648 464 848 531 uunucrius.

443 766 555 817 AC'I'US
573 767 615 815 1v.
648 764 758 815 SCENA
774 762 830 812 VII.

279 882 398 931 Tuusso.
433 882 555 929 (isarno.
589 881 687 929 Sanun.
721 880 863 929 curamus.
895 878 1017 931 'ruma¹

233 984 376 1033 Hunccine
394 996 439 1043 ego
453 989 483 1031 ut
500 980 676 1030 contumeliam
687 986 738 1029 tam
751 979 872 1040 insignem
885 978 911 1028 in
924 993 964 1028 me
971 976 1034 1027 acci·

219 1113 224 1129 ,
295 1070 372 1133 piam,
382 1070 502 1119 Gnatho?

230 1158 299 1209 Mori
309 1174 350 1209 me
361 1160 437 1209 satius
447 1167 494 1209 est.
526 1158 640 1220 Simalio,
652 1160 752 1220 Donax,
765 1157 870 1223 Syrisce,
882 1156 1022 1233 sequimini.

232 1249 343 1299 Primum
361 1250 435 1299 aedeis
454 1250 609 1313 expugnabo.
645 1251 691 1298 Gn.
709 1250 792 1298 Recte.
828 1250 887 1297 Thr.
903 1246 1031 1309 Virginem

294 1338 405 1401 eripiam.
439 1341 484 1387 Ga.
502 1340 590 1387 Probe.
866 1388 868 1395 k
938 1336 941 1340 ’

233 1429 292 1477 Thr.
309 1429 377 1477 Male
386 1428 511 1480 mulctabo
525 1426 612 1490 ipsam.
648 1427 694 1474 Gn.
712 1426 826 1475 Pulchre.
862 1426 922 1474 Tar.
938 1426 966 1473 iu
979 1438 1032 1473 me·

233 1496 236 1504 ¹
294 1517 363 1567 dium
373 1517 422 1567 huc
431 1532 518 1578 agmen
527 1532 584 1566 cum
595 1516 669 1577 vecti,
682 1518 787 1567 Donax:

227 1608 279 1668 Τιι,
300 1606 415 1667 Simalio,
435 1607 461 1655 in
483 1606 610 1655 sinistrum
629 1620 721 1655 cornu:
740 1613 779 1666 tu,
800 1604 905 1668 Syrisce,
926 1604 952 1653 in
971 1604 1038 1653 dex-¹

294 1703 384 1745 terum,

231 1784 297 1834 Cedo
307 1785 387 1834 aiios:
403 1784 447 1833 ubi
464 1785 611 1834 centurio’st
628 1787 718 1848 saurga,
737 1793 763 1835 et
773 1786 912 1849 manipulus
924 1786 1007 1834 furum
1019 1787 1029 1833 3

296 1878 339 1926 Sa.
356 1876 449 1925 Eccum
460 1875 536 1926 adest.
577 1885 579 1889 ·

232 1965 290 2013 ΤΙιν.
307 1963 384 2024 Quid,
407 1962 503 2025 ignave,
524 1964 665 2027 penieuion'
686 1979 806 2029 pugnare,
827 1965 869 2027 qui
891 1964 954 2015 istuc
969 1965 1031 2016 -huc

293 2053 538 2124 romanus,

228 2145 271 2191 Sa.
288 2143 392 2204 Egone?
411 2142 569 2206 imperaturis
586 2143 701 2194 virtutem
721 2156 848 2206 noveram,
865 2151 891 2193 et
901 2143 951 2193 vim
962 2144 1029 2193 mili-

293 2239 358 2291 tum,
684 2243 687 2248 ·

229 2320 288 2372 Siue
307 2321 427 2384 sanguine
445 2323 493 2372 hoc
512 2321 567 2372 fieri
584 2337 728 2387 pomposus,
740 2322 782 2385 qui
794 2324 957 2385 abstergerem
976 2325 1030 2372 vul·

293 2423 362 2460 nera.
945 2421 947 2426 ·

230 2503 290 2552 Thr.
307 2501 356 2552 Ubi
368 2501 433 2550 alii?
457 2504 500 2552 Sa.
518 2501 578 2564 Qui,
590 2503 695 2566 maium,
707 2502 771 2553 alii?
791 2504 859 2554 solus
872 2503 965 2554 Sannio
977 2518 1028 2553 ser·

292 2599 333 2641 rat
343 2591 453 2641 domum.

228 2682 286 2730 Τὴν.
303 2683 343 2730 Tu
353 2681 428 2730 hosce
438 2680 547 2730 instruet
565 2681 606 2731 hic
626 2696 671 2745 ego
689 2697 732 2732 ero
748 2692 805 2749 post
815 2684 952 2750 principia:
971 2684 1028 2734 inde

290 2775 405 2824 omnibus
417 2759 514 2836 signum
528 2774 601 2824 dabo.

228 2866 273 2913 Gn.
292 2864 353 2913 iiiuc
365 2871 402 2914 est
413 2867 514 2927 sapere!
532 2872 561 2914 ut
577 2865 651 2915 hosce
668 2865 797 2928 instruxit,
818 2867 885 2930 ipsus
902 2868 949 2918 sibi
967 2869 1031 2918 cavit

291 2954 355 3002 ioco.

227 3043 285 3090 Thr.
304 3043 371 3090 idem
393 3043 441 3092 hoc
461 3045 512 3103 iarn
536 3044 643 3106 Pyrrhus
666 3045 791 3096 factitavit.
828 3049 871 3096 Clu.
890 3047 978 3096 Vidcn'
991 3055 1029 3109 tu,

291 3131 378 3209 Thais,
390 3145 463 3194 quam
474 3132 515 3181 hic
527 3147 580 3182 rem
591 3134 659 3195 agit?
