2459 3800
446 1009 744 1108 enoteeus

181 1330 324 1384 Posrpurrr
340 1331 420 1380 Poeta
432 1342 500 1381 retus
514 1335 615 1382 Poetem
627 1348 678 1382 non
688 1341 771 1396 potest

182 1419 317 1468 Retrahere
326 1419 440 1480 astudio,
449 1428 475 1469 et
484 1420 610 1472 transdere
622 1422 749 1472 hominem
758 1422 785 1471 in
797 1421 889 1472 otium:

182 1507 323 1558 Maledictis
334 1508 468 1571 deterrere,
480 1525 511 1560 ne
523 1511 625 1572 scribat,
634 1520 714 1575 parat.

179 1597 232 1652 Qui
244 1597 279 1648 ita
290 1599 396 1660 dictitat,
406 1615 465 1663 quas
477 1602 580 1650 antehac
592 1602 654 1651 fecit
662 1582 769 1664 fabulas,

183 1686 267 1735 'l'enui
277 1695 330 1737 esse
342 1687 463 1750 oratione,
473 1697 498 1738 et
508 1691 628 1753 scriptura
638 1691 687 1739 leri
697 1710 704 1740 ε

180 1775 246 1830 Quia
258 1792 378 1839 nusquam
390 1779 504 1827 insanum
517 1780 614 1842 scripsit
626 1779 837 1830 adolescentulum

182 1863 285 1914 Cervam
296 1865 379 1916 videre
390 1867 485 1928 fugere,
498 1876 523 1918 et
534 1869 623 1918 sectari
634 1884 722 1919 cancer

183 1956 216 2003 Et
225 1968 280 2009 eam
289 1958 398 2019 plorare,
411 1972 493 2018 orare,
503 1967 530 2008 ut
539 1959 667 2007 subveniat
678 1959 733 2008 sibi.

181 2044 254 2098 Quod
262 2045 282 2094 si
294 2045 453 2106 intelligeret,
462 2061 538 2108 quum
551 2048 620 2097 stetit
627 2048 688 2096 olim
700 2063 773 2110 nova,

179 2136 277 2187 Actoris
286 2152 361 2201 opera
371 2139 448 2199 magis
462 2139 568 2201 stetisse,
578 2155 652 2203 quam
663 2155 708 2190 sua
719 2163 725 2191 ι

180 2227 265 2277 Minus
277 2230 356 2277 multo
368 2230 493 2289 audacter,
504 2244 577 2291 quam
589 2245 655 2279 nunc
665 2230 743 2292 ledit,
754 2230 871 2294 laederet3

114 2382 117 2389 Ι
180 2317 212 2365 Et
224 2317 301 2379 magis
310 2318 444 2380 placerent,
457 2332 515 2379 quas
524 2318 624 2367 fecisset
635 2320 738 2367 fabulas.

180 2407 253 2455 Nunc
264 2405 285 2455 si
297 2407 351 2469 quis
361 2414 411 2467 est,
423 2406 465 2468 qui
477 2407 524 2455 hoc
535 2407 608 2467 dicat,
621 2415 664 2455 aut
676 2407 711 2455 sic
723 2405 823 2467 cogitet,
893 2423 897 2428 ·

178 2496 255 2545 Vetus
266 2496 287 2544 si
300 2497 376 2545 Poeta
388 2510 439 2545 non
450 2496 588 2545 lacessisset
599 2494 677 2558 prior,

179 2586 284 2635 Nullum
292 2585 402 2636 invenire
415 2588 547 2647 prologum
558 2586 679 2648 potuisset
686 2598 774 2644 novus,
823 2593 825 2596 '

179 2676 260 2729 Quem
272 2675 374 2737 diceret,
388 2676 436 2725 nisi
445 2677 547 2725 haberet
558 2676 598 2725 cui
607 2674 779 2724 malediceret:

179 2765 203 2814 ls
214 2764 261 2814 sibi
270 2779 415 2829 responsum
428 2766 475 2815 hoc
485 2766 592 2827 habeat3
610 2764 637 2813 in
647 2762 729 2813 medio
740 2761 854 2811 omnibus

180 2854 290 2903 Palmam
302 2869 356 2903 esse
369 2854 485 2919 positam,
497 2854 539 2917 qui
551 2860 629 2903 artem
641 2860 747 2903 uacant
757 2851 886 2910 musicam,

180 2944 225 2992 llle
236 2942 266 2991 ad
278 2944 367 2992 famem
377 2944 444 2992 hunc
455 2944 486 2992 ab
497 2943 578 2993 studio
590 2942 685 2991 studuit
695 2940 785 2991 reicere
795 2960 803 3004 3

182 3031 229 3081 llic
236 3016 383 3096 respondere
393 3034 482 3095 veluit,
492 3048 543 3083 non
555 3034 682 3083 lacessere.

183 3120 321 3171 Benedictis
333 3122 354 3171 si
363 3129 489 3185 certasset,
500 3123 609 3174 audisset
618 3125 697 3174 bene:
