2459 3800
240 508 290 559 316
453 507 481 558 Ρ.
496 505 658 556 ravenni
677 506 845 558 elloanslo.

243 645 290 698 Dic
309 660 409 696 nomen.
443 648 489 694 Pl.
514 647 634 695 Nomen?
661 660 785 698 maxume.
822 648 871 695 De.
898 643 964 700 Quid
981 660 1051 695 nnnc

308 739 396 786 taces?

243 830 290 877 Pl.
307 826 373 876 Perii
384 828 483 877 hercle:
502 840 593 877 nomen
609 825 722 890 perdidi!
754 827 803 875 De.
821 825 897 886 Hem,
917 822 976 887 quid
986 823 1046 874 ais?

309 919 357 964 Pa.
374 919 447 976 Geta,

244 1004 272 1054 Si
283 1004 417 1054 meministi
428 1004 453 1053 id
464 1004 529 1068 quod
539 1005 600 1054 olim
611 1005 748 1064 dictum’at,
758 1003 861 1065 subjice.
895 1005 970 1064 Hem,

245 1096 303 1144 Non
314 1093 383 1142 dico:
403 1093 471 1156 quasi
480 1108 530 1142 non
542 1094 622 1153 noris,
632 1101 753 1144 tentamm
765 1092 873 1142 advenis.

244 1185 293 1232 De.
310 1183 395 1245 Egone
414 1189 497 1230 autem
512 1185 602 1232 tento?
625 1184 668 1231 Ge.
685 1182 792 1246 Stilpho.
825 1184 874 1230 Pa.
889 1182 971 1244 Atque
985 1179 1049 1228 adeo

311 1271 457 1334 quidmea?

247 1358 384 1424 Stilpho'st.
417 1363 465 1410 De.
484 1363 564 1416 Quem
583 1359 667 1409 dixti?
697 1362 744 1408 Pl.
761 1359 917 1422 Stilphonem
936 1357 1050 1420 inquam,

313 1453 439 1500 noveras?

245 1545 293 1591 De.
311 1544 397 1604 Neque
408 1555 453 1603 ego
464 1541 536 1589 illum
544 1555 649 1590 noram:
667 1554 747 1603 neque
757 1539 820 1589 mihi
831 1546 949 1600 cognatm
962 1537 1011 1586 fuit

248 1630 383 1692 Quisquam
403 1631 481 1680 isthoc
504 1630 613 1682 nomine.
659 1633 706 1680 Pl.
730 1631 823 1679 Itane?
843 1643 893 1678 non
915 1637 940 1677 te
961 1628 1053 1676 horum

316 1719 391 1782 pudet
400 1721 410 1767 ἓ

250 1808 285 1858 At
295 1806 316 1856 si
325 1797 445 1858 talcnnnn
457 1823 510 1858 rem
521 1807 664 1870 reliquisset
672 1806 776 1857 decem:

250 1900 298 1947 De.
315 1896 347 1947 Di
358 1897 402 1948 tibi
413 1897 577 1949 malefaciant.
608 1900 656 1947 ἢ
673 1896 845 1948 Primusesscs
857 1895 1000 1948 memoriter

252 1986 397 2049 Progeniem
408 1995 515 2036 vostram
526 2001 603 2049 usque
614 1988 645 2036 ab
657 2000 702 2034 avo
713 1994 786 2049 atque
797 1994 868 2035 atavo
879 1987 1013 2049 profereus.

251 2074 298 2122 De.
316 2074 353 2121 lta
366 2079 393 2121 ut
404 2071 472 2119 diois.
505 2074 557 2133 Ego
574 2080 628 2121 tum
639 2072 661 2121 si
672 2071 834 2134 advenissem,
845 2071 888 2134 qui
898 2072 961 2121 mihi

253 2163 364 2225 Cognata
374 2168 483 2222 eaesset,
495 2161 603 2212 dicerem
615 2184 622 2213 z
639 2162 725 2211 itidem
736 2170 763 2212 tu
774 2162 835 2211 lace.

253 2250 331 2310 Cedo,
349 2248 391 2311 qui
402 2257 440 2297 est
450 2252 574 2311 cognata?
613 2253 657 2300 Ge.
673 2252 711 2300 Eu
727 2254 827 2300 noster!
845 2258 927 2301 recte:
945 2252 1006 2301 heus
1017 2259 1058 2312 tn,

318 2353 384 2389 cave.

255 2431 302 2477 Pl.
316 2427 429 2477 Dilucide
438 2426 560 2491 expedivi,
572 2428 662 2490 quibus
674 2442 714 2476 me
726 2428 837 2490 oportuit

253 2517 398 2568 Judicibus:
416 2524 471 2566 tum
483 2517 504 2566 si
516 2516 541 2565 id
552 2518 643 2567 falsum
654 2518 745 2578 fuerat,
755 2517 822 2568 filius

256 2608 307 2657 Cur
318 2622 369 2656 non
381 2607 493 2657 refellit?
529 2610 576 2655 Dc.
594 2606 686 2656 Filium
697 2620 783 2657 narras
795 2606 878 2657 mihi?

255 2697 331 2757 Crrjus
341 2695 371 2745 de
379 2696 482 2745 stultitia
490 2694 550 2757 dici,
561 2703 589 2745 ut
599 2694 743 2757 dignnm’st,
754 2710 804 2745 non
816 2704 904 2760 potest.

253 2788 300 2834 Pla.
317 2788 351 2835 At
359 2793 397 2846 tn,
406 2784 448 2848 qni
459 2785 554 2847 sapiens
566 2799 602 2846 es,
614 2785 769 2847 magutrcon
780 2785 831 2847 adi,

254 2874 381 2925 indicium
392 2876 423 2925 de
434 2866 520 2925 e'adem
531 2888 604 2925 cama
615 2875 707 2924 iterum
715 2874 853 2927 utreddant
863 2873 925 2925 tini.

255 2962 459 3025 Quandoquidem
469 2963 536 3012 solos
548 2977 646 3025 regnas,
657 2970 684 3014 et
691 2963 738 3013 soli
747 2963 806 3013 licet

256 3052 303 3101 llic
313 3052 438 3102 decadem
449 3065 523 3101 causa
533 3050 570 3102 bis
577 3051 698 3113 judicium
709 3052 849 3117 adipiscier.

259 3143 297 3190 De
312 3140 366 3191 Etsi
378 3141 440 3190 mihi
452 3142 516 3191 lacta
526 3141 667 3205 injuria'st;
684 3149 854 3196 verumtamen
