2459 3800
409 466 520 516 ACTUS
532 467 577 515 111.
609 467 721 516 SCENA
733 469 778 518 lli.
950 471 997 522 207

189 603 240 658 Qui
253 602 327 653 alicui
335 602 372 653 rei
382 611 429 664 est,
440 603 515 653 etiam
525 603 557 653 ad
567 603 702 670 nequitiam
715 605 843 656 abducere.

110 727 114 734 ·
188 693 241 743 Ubi
251 705 297 753 ego
308 691 379 740 illum
388 705 495 754 quaeram
507 694 517 740 i
536 692 610 742 credo
622 692 753 743 abductum
764 693 791 744 in
802 709 908 756 ganeum

187 781 281 843 Aliquo
291 802 297 831 ι
315 782 437 844 persuasit
446 782 490 830 ille
500 781 624 845 impurus,
634 789 673 830 sat
683 765 751 832 scio)

186 869 236 918 Sed
247 884 333 919 eccum
341 871 431 934 Syrum
441 871 477 920 ire
485 849 559 920 rideo
570 891 576 920 ι
592 870 652 920 hinc
664 871 732 921 scibo
739 873 804 932 jum,
816 871 858 922 ubi
868 871 932 924 siet:

185 961 268 1020 Atque
280 959 364 1009 hercle
374 959 414 1010 hic
436 959 466 1008 de
476 974 549 1022 grege
556 959 602 1011 illo
611 967 665 1009 esti
683 959 704 1008 si
716 975 755 1010 me
764 960 868 1010 senserit

186 1047 251 1094 Eum
261 1047 401 1110 quarimre,
412 1061 539 1110 nunquam
549 1047 614 1097 dlcet
625 1048 754 1098 carnufex.

187 1138 246 1186 Non
257 1137 385 1187 ostendam
393 1152 434 1189 me
445 1137 471 1186 id
479 1139 550 1188 velle.
582 1139 626 1198 sa.
643 1137 750 1186 Omnem
761 1151 814 1188 rem
825 1137 898 1188 modo
910 1138 974 1200 seni,

186 1228 243 1280 Quo
253 1233 326 1288 pactu>
336 1241 362 1276 se
372 1227 485 1287 haberet,
495 1240 640 1276 enarramus
650 1226 737 1275 ordine
752 1247 758 1276 ι

186 1314 258 1363 Nihil
269 1315 317 1364 ridi
328 1314 459 1378 quicquam
470 1315 557 1367 luerim.
589 1319 639 1365 De.
656 1317 705 1364 Pro
716 1314 830 1378 luppiter
842 1317 849 1364 l

186 1403 302 1453 Hominis
313 1403 459 1454 stultitiam!
494 1407 537 1466 Sp.
555 1403 711 1454 cossaodarit
722 1402 817 1452 filiurn=

185 1491 262 1552 Mihi,
273 1491 314 1554 qui
326 1492 352 1541 id
362 1492 485 1558 dedissem
494 1492 637 1553 consilium,
649 1491 698 1554 egit
708 1491 807 1554 gratias.

182 1583 232 1629 De.
246 1581 402 1645 Disrumpor.
427 1585 470 1645 Sp.
483 1585 620 1643 Argentum
631 1579 799 1631 adnumeravit
808 1579 890 1630 illico:

184 1670 258 1720 Dedit
267 1679 386 1735 proterea
395 1671 421 1721 in
432 1679 542 1722 sumtum
553 1671 684 1721 dimidium
696 1670 784 1719 minaez

184 1759 212 1807 ld
221 1758 380 1809 distributum
391 1775 450 1811 sane
460 1768 499 1810 est
508 1775 540 1810 ex
551 1759 682 1810 sententia.
715 1761 765 1808 De.
782 1759 845 1807 Hem
857 1760 863 1806 l

184 1849 248 1898 Huic
259 1849 372 1912 mandes,
384 1849 406 1898 si
417 1849 476 1913 quid
487 1857 555 1900 recte
566 1855 678 1898 curatum
691 1847 760 1897 velis.

183 1940 225 1987 So.
241 1938 332 2000 Ehem,
343 1940 446 2000 Demea,
458 1940 519 1988 haut
528 1952 669 2002 aspexeram
680 1945 720 1987 te:
738 1937 797 2000 quid
808 1936 887 1999 agitur
899 1939 909 1984 ἓ

182 2032 231 2078 De.
248 2029 314 2084 Quid
324 2034 423 2091 agatur!
442 2038 549 2079 vostram
561 2043 657 2093 nequeo
668 2028 753 2077 mirari
764 2028 823 2079 satis

180 2117 319 2168 Batiam.
353 2121 396 2181 Sp.
412 2120 458 2167 Est
467 2119 551 2168 hercle
561 2118 655 2182 inepta,
667 2132 698 2166 ne
709 2116 788 2167 dicam
800 2116 870 2176 dolo,

180 2209 262 2269 Atque
272 2208 387 2258 absurdo.
404 2207 482 2257 Piscis
491 2214 594 2257 ceteros
603 2220 691 2269 purga,
703 2208 814 2255 Dromo:

181 2298 308 2359 Congrum
319 2298 395 2347 istum
406 2311 550 2346 maxumum
560 2294 587 2345 in
598 2308 661 2357 aqua
668 2294 743 2343 sinito
755 2293 839 2343 ludere

180 2386 322 2450 Paulisper:
339 2386 382 2436 ubi
394 2400 440 2447 ego
452 2400 553 2445 venero,
565 2383 720 2433 exossabitur
732 2402 738 2431 ι

180 2476 251 2525 Prius
262 2477 331 2525 nolo.
355 2477 403 2524 De.
421 2476 535 2523 Haecine
546 2473 658 2534 flamna?
686 2474 728 2533 Sp.
745 2470 809 2523 Mihi
821 2470 918 2533 quidem
931 2486 980 2521 non

243 2567 355 2628 placent:

178 2654 212 2702 Et
221 2656 302 2703 clamo
314 2667 385 2718 saepe.
405 2652 633 2711 salsamentum,
645 2649 788 2713 stephanio,

177 2744 224 2791 Fac
235 2749 389 2792 macerentur
399 2742 509 2805 pulchre.
541 2743 592 2789 De.
609 2738 642 2788 Di
653 2745 761 2787 rostram
773 2738 846 2787 tidem
857 2740 863 2786 !

179 2832 271 2881 Utrum
283 2830 396 2880 studione
408 2830 434 2879 id
444 2830 493 2880 sibi
503 2830 588 2888 habet,
599 2842 632 2877 an
644 2826 710 2877 laudi
722 2833 792 2889 putot

177 2920 250 2980 Fore,
261 2920 283 2969 si
293 2919 427 2982 perdiderit
437 2920 556 2981 gramm?
575 2932 612 2966 vae
623 2916 715 2965 misero
726 2913 787 2963 mihi
800 2917 806 2963 !

176 3009 265 3058 Videre
274 3008 358 3057 videor
365 3008 419 3069 Jam
429 3007 495 3057 diem
506 3007 590 3067 illum,
601 3020 676 3067 quum
687 3004 745 3053 hinc
756 3017 828 3066 egens

174 3097 302 3159 Profugiet
311 3097 395 3161 aliquo
405 3096 547 3146 militatum.
578 3096 623 3155 sa.
640 3094 777 3163 ODemea,
