2459 3800
449 445 560 498 ACTUS
578 449 611 498 11.
648 447 759 500 sanA
775 449 795 496 i.
1001 449 1030 496 71
1054 497 1057 503 ,

227 585 270 639 Me
280 601 376 654 speres:
393 603 434 639 me
445 597 469 640 tc
480 591 602 641 oblecoee:
620 605 718 640 mecum
728 598 782 641 tota
792 591 825 642 riu
838 611 844 640 ι

227 680 298 728 Mens
310 680 348 727 fac
360 679 394 729 sis
405 687 529 743 postremo
541 680 649 740 unimus,
661 681 759 741 quando
768 694 813 741 ego
825 693 881 729 rum
891 686 959 728 tuus.

230 768 276 816 Tu.
292 769 336 818 Mc
347 768 478 818 miseram!
498 769 599 820 forsitan
611 769 653 819 hic
663 770 724 818 mihi
736 783 836 832 parvam
847 769 936 818 habeat
945 767 1030 828 tidem,

226 861 307 920 Atque
317 872 348 907 ex
359 858 464 908 aliarum
476 858 578 920 ingeniis
590 873 656 907 nunc
667 873 708 908 me
717 858 819 919 judicet.
845 865 848 871 “

225 947 278 1008 Ego
288 948 340 1010 pol,
352 962 405 1010 quae
417 947 479 996 mihi
490 963 544 997 eum
555 948 722 1008 consciamne
733 955 801 997 certo
812 946 874 1007 ecio,

227 1035 312 1097 Neque
322 1051 361 1085 me
372 1036 473 1086 finxisse
484 1037 541 1086 falsi
552 1037 693 1099 quicquam,
705 1051 785 1100 neque
795 1051 853 1086 meo

226 1124 301 1173 Cordi
312 1139 365 1174 esse
375 1140 524 1187 quemquam
535 1126 655 1175 cariorem
665 1126 713 1174 hoc
725 1125 846 1175 Phaedria.

224 1213 258 1262 Et
269 1212 382 1276 quicquid
392 1214 467 1275 hujus
478 1213 536 1276 feci,
545 1228 621 1264 carme
631 1213 731 1275 uirginis
811 1250 814 1258 .

222 1302 294 1352 Feci:
311 1318 369 1352 nam
380 1317 419 1352 me
429 1306 481 1366 ejus
493 1318 564 1368 spero
575 1304 678 1353 fratrem
689 1304 868 1367 propemodum

222 1394 281 1442 dam
290 1393 436 1456 repperisse,
447 1393 628 1444 adolescentem
639 1393 705 1455 adeo·
713 1392 838 1442 nobilem:

223 1483 256 1529 Et
264 1480 285 1530 is
295 1481 369 1532 hodie
380 1489 509 1532 venturum
522 1482 554 1531 ud
564 1497 603 1532 me
614 1481 745 1531 conminuit
755 1481 865 1531 domum.

226 1571 366 1622 Concedam
376 1571 435 1621 hinc
447 1572 605 1635 intumuitque
618 1571 775 1635 exspectabo,
787 1571 847 1619 dum
857 1570 932 1618 venit.

450 1988 562 2040 ACTUS
581 1989 612 2037 ΙΙ.
652 1988 762 2037 SCENA
780 1989 799 2036 Ι.

465 2104 602 2153 Pnnnnm.
643 2104 783 2157 Prumnno.

222 2205 286 2265 Fre,
301 2202 336 2253 itu
346 2209 375 2252 ut
381 2203 455 2265 jussi,
466 2203 616 2254 deducantur
628 2203 687 2254 iad:
710 2206 771 2253 Par.
786 2202 895 2253 Faciam.
928 2202 974 2251 Po.
991 2201 1025 2249 At

286 2291 447 2354 diligentem
652 2293 655 2299 '
1018 2293 1020 2298 '

221 2384 281 2431 Par.
299 2380 360 2431 Fiet.
393 2384 615 2432 Pd.Atman1re.
648 2385 709 2431 Par.
727 2382 787 2432 Fiet,
820 2384 866 2429 Po.
883 2378 961 2431 Satin’
976 2379 1025 2427 hoc

287 2471 535 2529 maudunim’uttibi?
572 2476 632 2523 Pur.
649 2472 707 2521 Ah!

221 2560 352 2623 Rogicure?
373 2560 441 2623 quusi
453 2559 551 2610 difficile
561 2560 601 2610 sit.

223 2650 324 2701 Utinam
333 2657 385 2699 tam
396 2648 488 2712 aliquid
498 2648 609 2699 invenire
620 2648 692 2698 facile
702 2646 790 2712 posuis,
803 2645 923 2701 Phoedriu,

220 2742 301 2795 Quam
311 2740 359 2791 hoc
370 2741 474 2804 peribit„
498 2744 546 2790 Plu.
562 2742 615 2801 Ego
627 2753 723 2803 quoqne
734 2753 783 2787 una
793 2752 877 2801 pereo,
887 2735 952 2799 quod
963 2734 1025 2784 mihi

283 2829 419 2879 otcarius.
955 2844 959 2853 ·

221 2920 259 2968 Ne
270 2918 334 2968 iumc
344 2925 395 2967 tum
411 2918 496 2981 iniquo
513 2916 606 2980 patiare
623 2916 715 2971 animo.
748 2920 808 2967 Par.
824 2915 944 2965 Minime:
962 2913 1021 2977 quin

286 3010 483 3061 effectnmdabo.
958 3017 961 3023 ·

222 3099 270 3149 Sed
282 3098 401 3163 numquid
412 3098 479 3149 aliud
490 3098 613 3161 imperas?
