2459 3800
415 443 526 498 Acriis
537 446 568 496 V.
601 443 712 497 scsNA
733 443 766 496 11.
947 447 992 494 175

262 734 400 784 Cnrrrssso.
431 733 616 782 Msssnnrsus.
650 734 790 783 Cnssnscs.
823 735 920 786 Sinus.

184 836 269 884 irene
278 834 377 884 tandem
388 849 482 897 qureso,
493 835 651 896 Menedeme‚
663 843 690 884 ut
700 842 770 898 pster

185 925 250 972 'inm
266 922 293 971 in
312 924 379 972 brevi
397 924 477 988 sperio
492 938 592 974 omnem
604 924 636 974 de
654 939 694 973 me
705 923 804 986 ejecerit
821 925 931 976 animum
948 940 993 990 pa·

253 1010 317 1062 tris?

185 1099 319 1154 Quodnam
337 1103 370 1150 ob
389 1101 505 1150 focinus?
524 1100 583 1163 quid
602 1115 648 1162 ego
670 1108 766 1151 unnim
786 1101 885 1152 sceleris
903 1102 993 1160 admisi

252 1187 346 1238 miser?

184 1277 266 1339 Volgo
275 1277 376 1327 munt
408 1280 476 1327 Meo.
493 1277 550 1328 Scio
565 1278 611 1328 tibi
623 1291 677 1327 esse
695 1278 743 1328 hoc
754 1278 850 1339 marius
862 1278 952 1338 multo,
963 1293 992 1340 pc

166 1387 169 1392 ·
255 1367 352 1429 durinc,

188 1454 236 1505 Cui
248 1455 292 1504 iit:
308 1469 394 1506 verum
406 1471 451 1518 ego
461 1457 523 1506 hant
531 1457 614 1506 minus
626 1472 690 1519 aegrc
698 1456 795 1520 psn'or:
813 1456 839 1506 id
850 1456 892 1519 qni
900 1457 994 1517 nescio,

190 1544 243 1593 Nec
253 1543 375 1594 rationem
387 1545 469 1608 cepio,
478 1545 526 1594 nisi
536 1544 601 1608 quod
613 1545 659 1595 tibi
669 1546 733 1596 bene
745 1559 776 1596 ex
786 1544 870 1594 animo
881 1546 947 1594 volo.

191 1632 227 1681 cl.
246 1632 293 1682 Hic
303 1641 398 1695 patrem
409 1633 506 1682 crisme
517 1633 598 1682 aiebas
610 1635 621 1681 i
656 1635 723 1682 Men.
735 1633 836 1682 Eccum.
873 1633 915 1693 Gla.
927 1632 993 1688 Quid

253 1735 294 1770 me
305 1720 413 1781 incusas,
425 1721 555 1785 Clitipho?

189 1806 310 1871 Quicquid
321 1823 367 1871 ego
377 1811 451 1870 hujus
462 1809 519 1870 feci,
530 1808 576 1857 tibi
587 1809 701 1872 prospexi
713 1816 739 1858 et
750 1808 859 1862 stultitiae
871 1815 928 1868 ωε,

189 1896 240 1949 Ubi
251 1906 277 1947 re
287 1897 337 1948 vidi
348 1898 432 1948 animo
443 1913 498 1948 esse
506 1897 610 1958 omisso,
621 1906 647 1947 et
658 1896 740 1947 suevia
751 1897 777 1946 in
789 1896 920 1962 presentie

190 1988 251 2043 Quae
261 1995 354 2050 essent,
363 1986 443 2051 prims
457 1988 559 2049 hebere,
569 2002 648 2049 neque
665 1989 794 2038 consulere
816 1988 842 2037 in
859 1986 994 2050 longitudi÷

255 2090 312 2125 nem
324 2095 331 2126 ι

191 2164 250 2228 cepi
262 2165 394 2228 rationem,
406 2173 435 2214 nt
450 2179 529 2228 neque
538 2178 634 2227 egeres,
650 2178 729 2228 neque
741 2172 769 2213 ut
779 2165 831 2215 haec
843 2178 926 2227 posses
938 2177 994 2227 per-

255 2254 321 2304 dere.

190 2340 240 2392 Ubi
251 2342 291 2391 cni
299 2342 383 2393 decuit
392 2344 482 2408 primo,
490 2344 536 2393 tibi
546 2358 596 2393 non
607 2343 677 2393 licuit
686 2350 765 2406 perte
776 2342 837 2391 mihi
848 2342 907 2391 dare
917 2362 927 2405 ;

189 2430 248 2480 Abii
258 2431 291 2479 ad
299 2432 437 2494 proximos,
446 2433 492 2481 tibi
501 2433 544 2495 qui
554 2441 639 2483 crant:
657 2432 693 2481 cis
702 2432 816 2481 commisi
828 2438 853 2481 et
860 2428 963 2479 credidi.

190 2518 229 2568 lbi
239 2527 287 2569 tnae
298 2520 409 2571 snsltitiae
420 2536 517 2585 semper
529 2521 579 2571 erit
588 2520 740 2585 presidium,
753 2519 877 2583 Clitipho:

191 2606 287 2671 Vicuss,
297 2610 409 2673 restitus,
421 2612 605 2674 quointccturn
620 2619 645 2659 te
655 2618 773 2673 receptes.
808 2611 844 2659 01.
862 2608 893 2657 Ei
904 2607 981 2657 mihi!

193 2698 237 2747 oi.
254 2699 335 2749 Satius
345 2707 393 2761 est,
408 2713 482 2762 quam
494 2700 580 2765 teipso
590 2700 682 2751 herede
691 2700 743 2752 hssc
754 2697 878 2762 possidere
889 2696 993 2747 Bacchi-

254 2787 319 2838 dem.

192 2878 234 2940 Sp.
251 2875 373 2941 Disperii!
391 2878 621 2939 scelesorsqusntns
633 2877 719 2927 turbas
729 2874 825 2923 concivi
833 2874 940 2923 insciens
952 2878 958 2923 Ε

192 2965 229 3019 111.
240 2965 327 3015 Emori
336 2965 417 3030 cupio.
451 2967 495 3015 Oi.
513 2965 585 3015 Prius
595 2978 677 3029 queso
689 2964 765 3024 disce,
780 2963 840 3029 quid
853 2962 887 3021 sit
897 2962 992 3023 rivere:

192 3052 243 3103 Ubi
250 3054 323 3118 scies,
333 3054 354 3105 si
365 3053 503 3118 displicebit
513 3053 573 3116 viss,
583 3060 637 3105 tum
648 3052 710 3105 irtoc
721 3051 805 3102 nitor.
