2459 3800
260 482 306 532 158
342 481 369 530 Ρ.
385 480 545 531 Tannum
563 433 998 533 HEAU'toNTtMORUMaNOS.

258 623 296 671 'l'e
306 620 462 683 inscientem,
479 629 553 685 atque
566 621 759 686 imprudentem,
778 619 860 670 dicere
875 635 903 670 ac
914 621 995 672 mero
1005 636 1060 671 om·

323 709 379 759 niti:

257 794 309 848 Tot
328 806 426 862 paccata
445 799 472 848 in
488 799 536 849 hae
557 813 585 849 re
599 799 724 850 ostendis:
742 813 810 862 nam,
832 802 883 861 jam
901 799 1018 864 primum,
1039 801 1061 850 si

322 901 406 936 meum

258 976 392 1039 Imperium
403 976 504 1040 exsequi
512 977 642 1038 voluisses,
652 977 809 1027 interemtam
819 978 943 1041 oportuit:

259 1066 316 1113 Non
329 1064 446 1114 simulare
457 1074 562 1115 mortem
572 1067 663 1127 verbis,
674 1082 701 1115 re
713 1067 766 1131 ipsa
777 1082 845 1130 spem
855 1067 911 1118 vita
919 1069 988 1118 dare.

257 1155 292 1203 At
301 1153 327 1202 id
338 1154 442 1204 omitto:
461 1154 640 1217 misericordia,
651 1155 748 1207 animus
759 1165 898 1208 maternnsz
916 1157 979 1206 sino.

258 1246 338 1299 Quam
349 1245 412 1293 bene
421 1259 479 1294 vero
489 1246 532 1294 abs
543 1253 568 1294 te
579 1254 735 1310 prospectum
747 1249 800 1296 est!
815 1247 873 1309 quid
883 1246 999 1298 voluisti?
1018 1261 1061 1296 co-

321 1332 386 1394 gisae

258 1422 354 1485 Nempe
364 1421 423 1471 anui
433 1422 471 1472 illi
482 1423 579 1487 prodita
588 1426 635 1477 abs
643 1433 668 1476 te
677 1425 729 1476 tilia
737 1433 775 1476 est
786 1424 947 1488 planissume,

259 1512 307 1559 Per
318 1519 343 1560 te
351 1513 390 1560 vel
398 1512 436 1562 uti
446 1522 567 1576 qnaesmm
578 1517 680 1576 faceret,
689 1517 727 1565 vel
739 1515 776 1564 uti
786 1515 881 1564 veniret
888 1516 978 1579 palam.

259 1599 350 1662 Credo,
360 1601 386 1650 id
395 1602 526 1666 oogitasti3
543 1603 646 1660 Quidvis
657 1603 716 1655 satis
725 1613 773 1666 est,
784 1605 843 1654 dum
850 1605 917 1672 yivat
927 1604 1010 1654 modo.

197 1745 200 1748 ⁴
258 1689 324 1744 Quid
342 1691 466 1740 cumillis
484 1706 552 1754 agas,
562 1693 604 1754 qni
616 1708 695 1756 neque
711 1696 764 1756 jus,
783 1709 862 1758 neque
878 1696 972 1744 boum
989 1701 1062 1756 atque

317 1774 413 1840 'aequom
422 1779 503 1830 seiont
513 1783 522 1829 ‚²

258 1867 360 1930 Melius,
373 1871 458 1934 peius;
471 1871 558 1934 prosit,
570 1871 648 1924 obsit:
666 1870 730 1923 nihil
741 1873 835 1937 vident,
847 1873 895 1924 nisi
907 1873 972 1938 quod
982 1874 1061 1925 lubet.

258 1961 298 2007 So.
315 1958 353 2007 Mi
366 1960 483 2022 Chreme,
494 1963 600 2025 peoeavi,
616 1954 697 2013 fateor
707 1984 715 2027 3
732 1963 833 2014 vincor:
846 1978 912 2013 nune
922 1964 970 2013 hoe
981 1969 1005 2013 te
1014 1964 1059 2012 ob-

321 2063 410 2113 sacro;

258 2140 356 2193 Quanto
366 2146 423 2188 tuus
433 2146 471 2189 est
481 2141 578 2190 animus
586 2148 645 2189 natu
656 2140 762 2203 gravior,
772 2141 948 2203 ignoscentior,

258 2229 295 2278 Ut
304 2242 366 2277 mete
375 2228 486 2278 smltitiae
497 2230 628 2291 injustitia
637 2240 680 2281 tua
691 2232 723 2282 sit
729 2230 829 2294 'aliquid
840 2232 947 2295 praesidi.

261 2318 304 2365 01.
320 2316 420 2367 Scilicet
432 2318 546 2380 equidem
557 2319 620 2369 istuc
629 2322 721 2371 iactum
736 2321 873 2383 ignoscam:
891 2336 989 2384 verum,
1000 2322 1060 2373 Sos·

321 2412 395 2466 trata,

257 2496 325 2545 Male
334 2495 407 2545 docet
416 2504 441 2545 te
452 2510 508 2545 mea
518 2497 622 2548 facilitas
633 2503 719 2555 multa.
736 2503 784 2553 Sed
795 2502 868 2564 istuc,
876 2502 990 2565 quicquid
1002 2509 1049 2563 est,

248 2587 313 2640 'Qua
323 2586 371 2634 hoc
381 2588 542 2649 oooeptum’st
551 2601 636 2649 causa,
646 2591 754 2654 loquere.
778 2594 819 2640 So.
833 2593 869 2641 Ut
883 2593 964 2643 stultae
974 2599 1000 2641 et
1011 2592 1058 2639 mi·
1072 2616 1075 2629 ·

320 2690 382 2724 serm
391 2690 479 2725 omnes
487 2690 572 2726 sumus

257 2764 387 2827 Religioste
398 2785 405 2827 ς
423 2781 499 2828 quum
510 2768 680 2830 exponendam
692 2769 724 2817 do
735 2768 784 2829 illi,
795 2768 825 2819 de
835 2768 911 2832 digito
922 2770 1042 2819 annulum

256 2856 381 2920 Detrah03
398 2865 424 2907 et
434 2872 491 2907 eum
500 2858 556 2908 dico
566 2866 595 2908 ut
605 2872 656 2909 una
666 2872 722 2906 cnm
734 2858 816 2921 puella
825 2866 977 2923 exponeret3

258 2944 286 2995 Si
296 2955 443 3010 moreretur,
456 2963 487 2997 ne
498 2936 586 3011 expers
596 2948 674 3011 partis
685 2956 751 2998 esset
761 2949 791 2999 de
800 2951 890 3001 nostris
899 2949 978 3001 bonis.

258 3034 303 3083 ct.
320 3036 386 3085 istuc
401 3044 482 3087 reete:
499 3038 650 3089 conservasti
669 3048 693 3091 te
710 3048 782 3105 atque
798 3041 875 3093 illam.
910 3045 951 3093 So.
969 3043 1004 3104 Is,
1019 3040 1060 3091 hic

320 3128 480 3183 estannulns.
