2459 3800
392 476 503 527 AGTUS
521 479 550 526 V·
585 480 695 532 SCENA
711 483 755 531 Vl.
926 486 975 535 343

172 609 236 665 Quid
247 610 302 660 ais?
340 614 382 661 Ge.
400 615 463 664 Cum
475 618 528 677 ejus
538 619 665 667 consuevit
675 619 736 669 olim
749 626 827 669 matre
838 620 864 669 in
875 623 971 671 Lemno

240 702 388 751 clanculum.

174 791 219 837 Pl.
237 791 383 841 Somnium!
399 792 462 842 utin'
474 794 526 843 haec
545 795 669 856 ignoraret
689 811 761 845 suum
778 800 893 860 patrem?
931 800 975 847 Ge.

238 878 340 941 Aliquid
351 880 457 942 credito,

173 966 300 1028 Phormio,
313 982 365 1017 esse
376 983 455 1018 ceurae
470 990 476 1020 ε
495 970 538 1021 sed
550 986 588 1019 mc
599 975 698 1021 censen'
711 974 818 1035 potuisse
827 973 911 1023 omnio

172 1057 310 1118 Intelligere
320 1066 390 1107 extra
401 1059 502 1119 ostium,
514 1060 580 1109 intus
594 1044 648 1122 ¹quae
658 1062 723 1111 inter
735 1078 787 1113 sese
800 1064 846 1126 ipsi
857 1064 971 1125 egerint?

174 1146 221 1193 Pl.
238 1149 318 1207 Atque
329 1148 412 1197 hercle
423 1161 467 1208 ego
478 1162 575 1210 quoque
587 1150 895 1203 illuminandivifabulam.
931 1154 974 1201 Ge.

241 1236 319 1285 Immo
330 1236 405 1285 etiam
413 1236 478 1284 'dabo
482 1271 489 1295 ,

173 1325 228 1377 Quo
238 1324 314 1385 magis
329 1325 426 1374 credun:
445 1333 543 1387 patruus
554 1325 648 1374 interea
663 1327 720 1375 inde
734 1326 782 1375 huc
796 1322 919 1389 egre'ditur
934 1330 976 1376 fo·

241 1430 296 1465 ron:

177 1507 244 1554 Haut
254 1506 332 1554 multo
343 1513 467 1568 postcom
478 1516 547 1570 patre
558 1508 623 1557 idem
631 1508 717 1571 recipit
728 1523 755 1559 se
766 1509 832 1557 intro
844 1508 925 1557 denno
936 1529 942 1558 ε

174 1597 218 1645 Ait
228 1606 329 1659 uterque
339 1597 385 1645 tibi
397 1606 540 1660 potestatem
554 1600 607 1659 ejus
621 1599 741 1647 hobendae
751 1600 825 1647 dare:

176 1684 288 1747 Denique
300 1700 346 1747 ego
359 1685 448 1734 missus
461 1700 526 1747 sum,
539 1694 563 1735 te
577 1694 605 1736 ut
617 1688 777 1750 requirerem,
788 1696 860 1751 atque
875 1688 980 1738 adduce·

243 1789 304 1823 rem.

175 1861 226 1911 An.
245 1862 310 1917 Quin
322 1877 380 1924 ergo
392 1877 449 1926 rape
456 1878 511 1914 me:
531 1864 695 1927 quidceenes?
735 1866 777 1915 Ge.
794 1866 894 1916 Fecere.
926 1867 981 1916 An.

244 1952 267 2000 0
279 1951 312 2000 mi
324 1953 453 2012 Phormio,

176 2041 245 2090 Vale.
279 2044 325 2090 Ph.
342 2042 414 2102 Vale,
430 2042 547 2104 Antipho.
581 2045 661 2103 Bene,
679 2043 714 2092 ite
723 2057 762 2092 me
771 2044 802 2092 Di
814 2050 906 2105 ament,
929 2043 981 2092 fac-

241 2133 313 2178 tum!
333 2130 438 2191 gaudeo,

175 2221 282 2268 Tantam
295 2219 422 2268 fortunam
441 2218 470 2266 dc
484 2219 616 2282 improviso
630 2235 682 2270 ense
692 2221 732 2270 his
744 2221 834 2270 datam

176 2310 278 2358 Summa
287 2308 404 2358 eludendi
415 2309 545 2357 occasio'et
554 2309 614 2358 mihi
626 2325 692 2358 nunc
706 2324 786 2370 senes,

178 2399 211 2446 Et
222 2397 341 2446 Phaedriae
352 2377 437 2446 curam
450 2397 556 2446 adimere
567 2399 728 2458 argenteriam
741 2419 749 2458 ;

180 2489 219 2535 Ne
230 2487 344 2548 cuiquam
355 2498 456 2534 suorum
465 2485 593 2546 equalium
609 2486 713 2547 supplex
724 2485 779 2533 sict.

181 2578 247 2626 Nem
257 2576 322 2624 idem
334 2576 382 2624 hoc
395 2581 533 2635 argeutum,
545 2573 581 2622 ita
591 2581 620 2622 ut
630 2573 757 2632 datnm’st,
768 2571 879 2632 ingratiis

180 2663 226 2714 liis
236 2664 321 2714 datum
329 2663 390 2712 erit:
409 2663 456 2710 hoc
467 2661 509 2723 qui
517 2674 612 2722 cogam,
623 2675 652 2708 re
663 2659 715 2722 ipsa
725 2660 829 2723 repperi.

182 2756 255 2804 Nunc
267 2761 348 2816 gestus
360 2751 432 2812 mihi,
443 2752 572 2811 voltusque
581 2757 620 2798 est
627 2748 760 2811 capiundur
771 2763 856 2798 novos.

183 2843 233 2892 Sed
244 2843 302 2891 hinc
313 2840 447 2890 concedam
459 2839 484 2887 iu
496 2838 652 2900 angiportum
663 2838 710 2885 hoc
721 2851 868 2898 proxumum
880 2858 886 2887 :

184 2930 244 2980 lnde
254 2931 321 2980 hisce
331 2929 458 2980 ostendam
468 2943 519 2988 me,
532 2927 572 2976 ubi
583 2935 657 2975 erunt
664 2925 753 2986 egressi
764 2927 840 2974 forae.
876 2940 881 2946 ·

184 3021 240 3074 Quo
251 3035 290 3068 me
296 3019 466 3069 assimularam
479 3017 515 3066 ire
526 3017 557 3066 ad
569 3024 716 3076 mercatum,
729 3030 780 3063 non
791 3029 829 3064 eo.
