2459 3800
409 479 521 530 ac'rus
538 481 558 528 1.
599 480 709 530 sonna
726 483 758 530 ν.
813 457 816 462 ’
955 483 984 532 17

180 619 245 666 ltaue
261 617 384 668 obstinate
395 632 496 682 operam
504 620 556 682 dat,
568 628 596 670 ut
608 635 648 670 me
658 635 674 670 a
684 620 799 685 Glycerio
811 619 929 670 miserum
938 622 982 672 ab·

243 707 339 755 strnhat
350 709 360 754 l

181 795 251 848 Quod
262 795 284 844 si
295 796 334 856 fit,
345 810 420 859 pereo
431 797 552 860 funditus.

176 883 269 932 Adeon'
279 883 407 934 hominem
419 900 472 936 esse
481 886 636 950 invenustum
644 896 689 937 aut
696 888 824 939 inielioem
832 901 983 951 quenqnmn,

242 979 271 1020 ut
281 985 326 1032 ago
338 986 392 1021 sum
403 975 414 1020 ἓ

179 1059 243 1108 Proh
253 1060 339 1122 deum,
357 1070 430 1124 atqtre
441 1063 572 1114 bominum
585 1065 675 1115 fidem!

176 1153 278 1201 Nullon'
297 1168 342 1214 ego
355 1154 491 1204 Chremetis
503 1163 575 1218 pacto
588 1155 731 1205 affinitatem
743 1157 849 1218 effingere
859 1160 964 1220 potero?

175 1245 241 1297 Quot
257 1244 337 1295 modis
353 1252 503 1306 contemtus,
524 1249 641 1310 spretus?
661 1247 735 1308 laen,
752 1248 877 1298 transacta
887 1247 980 1296 omnia.
1053 1305 1057 1312 ¹

243 1333 327 1382 Hem!
800 1383 802 1386 Α

176 1417 325 1484 Repudiatus
336 1430 442 1486 repeton.
456 1409 625 1479 Quamobrem
637 1427 647 1473 ἓ
662 1424 711 1473 nisi
721 1424 743 1474 si
753 1424 779 1472 id
791 1431 840 1484 est,
850 1425 917 1486 quod
928 1439 983 1473 sus-

240 1511 324 1574 picot:

174 1599 275 1662 Aliquid
303 1601 408 1650 monstri
435 1603 520 1653 alunt:
558 1617 587 1652 ea
620 1600 737 1665 quoniam
762 1599 858 1648 nemini
887 1599 985 1648 obtrudi

240 1697 331 1751 potest,

176 1779 228 1826 ltur
246 1779 278 1828 ad
297 1794 346 1828 me.
395 1781 450 1843 My.
468 1781 556 1832 Oratio
575 1782 629 1830 hac
645 1793 685 1831 me
704 1779 819 1829 miseram
837 1777 986 1828 exanimavit

246 1875 324 1917 metu.

177 1960 248 2005 Pom.
266 1959 330 2006 Nam
342 1958 401 2020 quid
411 1973 457 2021 ego
469 1974 534 2008 nuuc
546 1958 626 2009 dinam
639 1960 670 2009 de
678 1961 766 2024 patre?
786 1959 833 2007 ab!
900 1952 908 1983 ί

176 2048 313 2105 Tantamne
324 2061 377 2096 rem
388 2056 439 2097 tam
451 2049 602 2110 negligenter
614 2052 704 2111 agere?
725 2038 953 2099 Praeteriessmodo

180 2135 244 2184 Mihi
255 2136 317 2198 apud
330 2136 422 2196 forum,
434 2138 507 2186 Uxor
517 2138 562 2186 tibi
573 2138 685 2187 ducenda
695 2144 742 2198 est,
755 2138 892 2201 Pamphile,
900 2136 985 2199 hodie,
1060 2189 1065 2198 ,

227 2212 336 2288 inquit,
347 2240 423 2289 para3
486 2228 488 2232 ’

177 2308 225 2363 Abi
237 2306 347 2364 domum.
365 2314 393 2364 ld
405 2314 466 2363 mihi
478 2314 543 2363 usus
557 2312 587 2362 ’st
597 2314 688 2375 dicere,
697 2314 746 2364 Abi
757 2316 817 2377 cito,
828 2324 854 2365 et
864 2316 986 2379 suspende

246 2410 278 2453 te.

181 2491 304 2555 Obstipui.
323 2492 429 2541 Gensen'
442 2507 481 2541 me
493 2493 594 2541 verbum
605 2492 714 2555 potuisse
724 2495 802 2543 ubam
814 2493 928 2556 proloqui
941 2495 951 2541 ἓ

181 2582 233 2629 Aut
251 2582 327 2631 ullam
355 2596 463 2643 causam,
484 2581 592 2645 ineptam
614 2582 712 2643 saltem,
734 2583 832 2643 falsam,
855 2581 983 2644 iniquam?
1079 2637 1083 2644 ι

247 2670 366 2720 obmutui.

182 2758 256 2813 Quod
266 2759 287 2808 si
298 2774 343 2822 ego
356 2759 485 2809 rescissem
496 2760 522 2809 id
533 2760 620 2823 prius;
637 2758 696 2822 quid
704 2758 819 2819 faoerem,
829 2757 853 2807 si
861 2756 915 2819 quis
922 2773 987 2807 nunc
1037 2814 1044 2823 ,

247 2862 287 2899 me
297 2857 368 2911 roget
379 2852 389 2898 ἓ

181 2935 281 2999 Aliquid
292 2938 409 3003 laterem,
417 2946 446 2989 ut
456 2940 504 2989 hoo
513 2953 547 2988 ne
554 2939 668 2988 lacerem.
681 2938 730 2988 Sed
739 2952 804 2988 nunc
812 2936 872 3000 quid
880 2934 987 3000 primum

247 3040 353 3089 exequar
364 3030 373 3077 ἓ

580 3128 595 3162 c
