<?xml version="1.0" encoding="UTF-8"?>
<!DOCTYPE html PUBLIC "-//W3C//DTD XHTML 1.0 Transitional//EN"
    "http://www.w3.org/TR/xhtml1/DTD/xhtml1-transitional.dtd">
<html xmlns="http://www.w3.org/1999/xhtml" xml:lang="en" lang="en">
 <head>
  <title>
</title>
<meta http-equiv="Content-Type" content="text/html;charset=utf-8" />
  <meta name='ocr-system' content='tesseract 3.04.00' />
  <meta name='ocr-capabilities' content='ocr_page ocr_carea ocr_par ocr_line ocrx_word'/>
</head>
<body>
  <div class='ocr_page' id='page_1' title='image "./comoediaesexadf00zeungoog_0287.png"; bbox 0 0 2459 3800; ppageno 0'>
   <div class='ocr_carea' id='block_1_1' title="bbox 238 502 829 555">
    <p class='ocr_par' dir='ltr' id='par_1_1' title="bbox 238 502 829 555">
     <span class='ocr_line' id='line_1_1' title="bbox 238 502 829 555; baseline -0.008 0"><span class='ocrx_word' id='word_1_1' title='bbox 238 506 286 555; x_wconf 81' lang='lat'>278</span> <span class='ocrx_word' id='word_1_2' title='bbox 456 507 484 554; x_wconf 86' lang='lat' dir='ltr'>P.</span> <span class='ocrx_word' id='word_1_3' title='bbox 500 503 663 553; x_wconf 80' lang='lat' dir='ltr'>TEREN&#39;l‘ll</span> <span class='ocrx_word' id='word_1_4' title='bbox 684 502 829 551; x_wconf 75' lang='lat' dir='ltr'><strong>HECYRA.</strong></span> 
     </span>
    </p>
   </div>
   <div class='ocr_carea' id='block_1_2' title="bbox 183 638 1048 1860">
    <p class='ocr_par' dir='ltr' id='par_1_2' title="bbox 183 638 1044 784">
     <span class='ocr_line' id='line_1_2' title="bbox 183 638 1044 705; baseline -0.003 -15"><span class='ocrx_word' id='word_1_5' title='bbox 183 653 187 662; x_wconf 59' lang='lat'><strong><em>¹</em></strong></span> <span class='ocrx_word' id='word_1_6' title='bbox 237 643 286 692; x_wconf 81' lang='lat' dir='ltr'>Lo.</span> <span class='ocrx_word' id='word_1_7' title='bbox 303 641 368 696; x_wconf 86' lang='lat' dir='ltr'>Quid</span> <span class='ocrx_word' id='word_1_8' title='bbox 391 641 438 704; x_wconf 78' lang='lat' dir='ltr'>vie,</span> <span class='ocrx_word' id='word_1_9' title='bbox 459 641 608 705; x_wconf 80' lang='lat' dir='ltr'><strong>Pamphile?</strong></span> <span class='ocrx_word' id='word_1_10' title='bbox 655 644 728 690; x_wconf 81' lang='lat' dir='ltr'>Pam.</span> <span class='ocrx_word' id='word_1_11' title='bbox 746 640 812 689; x_wconf 87' lang='lat' dir='ltr'>Hinc</span> <span class='ocrx_word' id='word_1_12' title='bbox 830 638 898 689; x_wconf 80' lang='lat' dir='ltr'>abire</span> <span class='ocrx_word' id='word_1_13' title='bbox 918 641 1044 688; x_wconf 75' lang='lat' dir='ltr'>matrem?</span> 
     </span>
     <span class='ocr_line' id='line_1_3' title="bbox 303 717 765 784; baseline -0.002 -6"><span class='ocrx_word' id='word_1_14' title='bbox 303 717 412 779; x_wconf 80' lang='lat' dir='ltr'>minime.</span> <span class='ocrx_word' id='word_1_15' title='bbox 447 733 494 778; x_wconf 87' lang='lat' dir='ltr'>Lo.</span> <span class='ocrx_word' id='word_1_16' title='bbox 512 729 578 784; x_wconf 86' lang='lat' dir='ltr'>Quid</span> <span class='ocrx_word' id='word_1_17' title='bbox 589 729 625 777; x_wconf 82' lang='lat' dir='ltr'>ita</span> <span class='ocrx_word' id='word_1_18' title='bbox 636 728 765 778; x_wconf 76' lang='lat' dir='ltr'>lemovis?</span> 
     </span>
    </p>

    <p class='ocr_par' dir='ltr' id='par_1_3' title="bbox 238 816 1048 962">
     <span class='ocr_line' id='line_1_4' title="bbox 238 816 1048 879; baseline -0.002 -13"><span class='ocrx_word' id='word_1_19' title='bbox 238 821 310 868; x_wconf 68' lang='lat' dir='ltr'>Palu.</span> <span class='ocrx_word' id='word_1_20' title='bbox 326 818 390 874; x_wconf 81' lang='lat' dir='ltr'>Quia</span> <span class='ocrx_word' id='word_1_21' title='bbox 402 817 432 867; x_wconf 89' lang='lat' dir='ltr'>de</span> <span class='ocrx_word' id='word_1_22' title='bbox 444 833 521 867; x_wconf 86' lang='lat' dir='ltr'>uxore</span> <span class='ocrx_word' id='word_1_23' title='bbox 532 818 641 868; x_wconf 73' lang='lat' dir='ltr'>incertus</span> <span class='ocrx_word' id='word_1_24' title='bbox 651 833 707 867; x_wconf 80' lang='lat' dir='ltr'>eum</span> <span class='ocrx_word' id='word_1_25' title='bbox 718 817 794 867; x_wconf 84' lang='lat' dir='ltr'>etium</span> <span class='ocrx_word' id='word_1_26' title='bbox 803 816 918 879; x_wconf 79' lang='lat' dir='ltr'>quidelm</span> <span class='ocrx_word' id='word_1_27' title='bbox 927 818 1048 868; x_wconf 74' lang='lat' dir='ltr'>fecturus.</span> 
     </span>
     <span class='ocr_line' id='line_1_5' title="bbox 305 908 926 962; baseline 0.002 -7"><span class='ocrx_word' id='word_1_28' title='bbox 305 911 352 956; x_wconf 87' lang='lat' dir='ltr'>Lo.</span> <span class='ocrx_word' id='word_1_29' title='bbox 370 908 436 962; x_wconf 86' lang='lat' dir='ltr'><strong>Quid</strong></span> <span class='ocrx_word' id='word_1_30' title='bbox 447 910 503 957; x_wconf 83' lang='lat' dir='ltr'>est?</span> <span class='ocrx_word' id='word_1_31' title='bbox 922 919 926 926; x_wconf 90' lang='grc'><em>’</em></span> 
     </span>
    </p>

    <p class='ocr_par' dir='ltr' id='par_1_4' title="bbox 239 995 1048 1136">
     <span class='ocr_line' id='line_1_6' title="bbox 239 995 1048 1061; baseline 0.004 -17"><span class='ocrx_word' id='word_1_32' title='bbox 239 995 305 1052; x_wconf 83' lang='lat' dir='ltr'>Quid</span> <span class='ocrx_word' id='word_1_33' title='bbox 317 997 352 1046; x_wconf 90' lang='lat' dir='ltr'>vis</span> <span class='ocrx_word' id='word_1_34' title='bbox 370 997 461 1058; x_wconf 80' lang='lat' dir='ltr'>fecere,</span> <span class='ocrx_word' id='word_1_35' title='bbox 474 997 521 1046; x_wconf 80' lang='lat' dir='ltr'>nisi</span> <span class='ocrx_word' id='word_1_36' title='bbox 533 997 648 1046; x_wconf 83' lang='lat' dir='ltr'>reducere</span> <span class='ocrx_word' id='word_1_37' title='bbox 660 1000 670 1046; x_wconf 73' lang='grc' dir='ltr'><em>Ξ</em></span> <span class='ocrx_word' id='word_1_38' title='bbox 706 1000 777 1046; x_wconf 85' lang='lat' dir='ltr'>Pom.</span> <span class='ocrx_word' id='word_1_39' title='bbox 794 997 914 1060; x_wconf 82' lang='lat' dir='ltr'>Equidem</span> <span class='ocrx_word' id='word_1_40' title='bbox 925 997 1009 1061; x_wconf 76' lang='lat' dir='ltr'>oupio,&#39;</span> <span class='ocrx_word' id='word_1_41' title='bbox 1020 1005 1048 1047; x_wconf 85' lang='lat' dir='ltr'>et</span> 
     </span>
     <span class='ocr_line' id='line_1_7' title="bbox 302 1085 491 1136; baseline 0.005 -3"><span class='ocrx_word' id='word_1_42' title='bbox 302 1085 344 1134; x_wconf 84' lang='lat' dir='ltr'>vix</span> <span class='ocrx_word' id='word_1_43' title='bbox 355 1086 491 1136; x_wconf 89' lang='lat' dir='ltr'>contineor.</span> 
     </span>
    </p>

    <p class='ocr_par' dir='ltr' id='par_1_5' title="bbox 240 1174 1045 1328">
     <span class='ocr_line' id='line_1_8' title="bbox 240 1174 1045 1238; baseline -0.001 -14"><span class='ocrx_word' id='word_1_44' title='bbox 240 1174 289 1225; x_wconf 86' lang='lat' dir='ltr'>Sed</span> <span class='ocrx_word' id='word_1_45' title='bbox 301 1189 352 1224; x_wconf 91' lang='lat' dir='ltr'>uon</span> <span class='ocrx_word' id='word_1_46' title='bbox 363 1175 471 1225; x_wconf 80' lang='lat' dir='ltr'>minuam</span> <span class='ocrx_word' id='word_1_47' title='bbox 489 1190 572 1225; x_wconf 88' lang='lat' dir='ltr'>meum</span> <span class='ocrx_word' id='word_1_48' title='bbox 582 1177 715 1226; x_wconf 80' lang='lat' dir='ltr'>consilium</span> <span class='ocrx_word' id='word_1_49' title='bbox 732 1191 785 1226; x_wconf 84' lang='lat' dir='ltr'>:ex</span> <span class='ocrx_word' id='word_1_50' title='bbox 804 1191 852 1225; x_wconf 79' lang='lat' dir='ltr'>unu</span> <span class='ocrx_word' id='word_1_51' title='bbox 868 1176 934 1238; x_wconf 88' lang='lat' dir='ltr'>quod</span> <span class='ocrx_word' id='word_1_52' title='bbox 950 1183 999 1236; x_wconf 79' lang='lat' dir='ltr'>eut,</span> <span class='ocrx_word' id='word_1_53' title='bbox 1019 1175 1045 1224; x_wconf 92' lang='lat' dir='ltr'>id</span> 
     </span>
     <span class='ocr_line' id='line_1_9' title="bbox 305 1278 444 1328; baseline 0.014 -16"><span class='ocrx_word' id='word_1_54' title='bbox 305 1278 444 1328; x_wconf 80' lang='lat' dir='ltr'>persequar.</span> 
     </span>
    </p>

    <p class='ocr_par' dir='ltr' id='par_1_6' title="bbox 240 1352 999 1418">
     <span class='ocr_line' id='line_1_10' title="bbox 240 1352 999 1418; baseline -0.001 -15"><span class='ocrx_word' id='word_1_55' title='bbox 240 1352 320 1403; x_wconf 84' lang='lat' dir='ltr'>Gre&#39;do</span> <span class='ocrx_word' id='word_1_56' title='bbox 331 1367 359 1402; x_wconf 80' lang='lat' dir='ltr'>ea</span> <span class='ocrx_word' id='word_1_57' title='bbox 370 1353 589 1418; x_wconf 29' lang='lat' dir='ltr'>gretlauconoordes</span> <span class='ocrx_word' id='word_1_58' title='bbox 601 1353 689 1414; x_wconf 76' lang='lat' dir='ltr'>maglo,</span> <span class='ocrx_word' id='word_1_59' title='bbox 701 1353 722 1401; x_wconf 79' lang='lat' dir='ltr'>ni</span> <span class='ocrx_word' id='word_1_60' title='bbox 733 1368 784 1402; x_wconf 88' lang='lat' dir='ltr'>uon</span> <span class='ocrx_word' id='word_1_61' title='bbox 798 1353 926 1415; x_wconf 82' lang='lat' dir='ltr'>reducam,</span> <span class='ocrx_word' id='word_1_62' title='bbox 937 1354 999 1402; x_wconf 84' lang='lat' dir='ltr'>fore.</span> 
     </span>
    </p>

    <p class='ocr_par' dir='ltr' id='par_1_7' title="bbox 240 1441 1046 1591">
     <span class='ocr_line' id='line_1_11' title="bbox 240 1441 1046 1504; baseline 0.004 -15"><span class='ocrx_word' id='word_1_63' title='bbox 240 1443 288 1491; x_wconf 82' lang='lat' dir='ltr'>La.</span> <span class='ocrx_word' id='word_1_64' title='bbox 306 1441 420 1491; x_wconf 76' lang='lat' dir='ltr'>Nescius:</span> <span class='ocrx_word' id='word_1_65' title='bbox 437 1457 521 1492; x_wconf 88' lang='lat' dir='ltr'>verum</span> <span class='ocrx_word' id='word_1_66' title='bbox 534 1442 559 1491; x_wconf 90' lang='lat' dir='ltr'>id</span> <span class='ocrx_word' id='word_1_67' title='bbox 569 1451 612 1491; x_wconf 81' lang='lat' dir='ltr'>tua</span> <span class='ocrx_word' id='word_1_68' title='bbox 628 1443 706 1491; x_wconf 82' lang='lat' dir='ltr'>refert</span> <span class='ocrx_word' id='word_1_69' title='bbox 724 1442 798 1504; x_wconf 88' lang='lat' dir='ltr'>nihil,</span> <span class='ocrx_word' id='word_1_70' title='bbox 816 1451 900 1494; x_wconf 88' lang='lat' dir='ltr'>utrum</span> <span class='ocrx_word' id='word_1_71' title='bbox 911 1443 960 1491; x_wconf 77' lang='lat' dir='ltr'>illue</span> <span class='ocrx_word' id='word_1_72' title='bbox 978 1443 1046 1492; x_wconf 82' lang='lat' dir='ltr'>feee-</span> 
     </span>
     <span class='ocr_line' id='line_1_12' title="bbox 305 1529 1024 1591; baseline 0 -12"><span class='ocrx_word' id='word_1_73' title='bbox 305 1529 366 1591; x_wconf 83' lang='lat' dir='ltr'>rint‚</span> <span class='ocrx_word' id='word_1_74' title='bbox 454 1554 456 1562; x_wconf 45' lang='grc' dir='ltr'><em>ν</em></span> <span class='ocrx_word' id='word_1_75' title='bbox 1021 1535 1024 1540; x_wconf 86' lang='grc'><strong>’</strong></span> 
     </span>
    </p>

    <p class='ocr_par' dir='ltr' id='par_1_8' title="bbox 242 1618 1019 1672">
     <span class='ocr_line' id='line_1_13' title="bbox 242 1618 1019 1672; baseline -0.001 -6"><span class='ocrx_word' id='word_1_76' title='bbox 242 1618 347 1672; x_wconf 83' lang='lat' dir='ltr'>Quando</span> <span class='ocrx_word' id='word_1_77' title='bbox 357 1619 410 1668; x_wconf 82' lang='lat' dir='ltr'>hoec</span> <span class='ocrx_word' id='word_1_78' title='bbox 421 1619 525 1668; x_wconf 74' lang='lat' dir='ltr'>ubierltz</span> <span class='ocrx_word' id='word_1_79' title='bbox 543 1619 628 1668; x_wconf 80' lang='lat' dir='ltr'>odiosa</span> <span class='ocrx_word' id='word_1_80' title='bbox 636 1621 687 1668; x_wconf 78' lang='lat' dir='ltr'>heo</span> <span class='ocrx_word' id='word_1_81' title='bbox 696 1627 734 1668; x_wconf 82' lang='lat' dir='ltr'>est</span> <span class='ocrx_word' id='word_1_82' title='bbox 745 1627 803 1668; x_wconf 75' lang='lat' dir='ltr'>aetne</span> <span class='ocrx_word' id='word_1_83' title='bbox 814 1619 1001 1669; x_wconf 69' lang='lat' dir='ltr'>adolescentulis</span> <span class='ocrx_word' id='word_1_84' title='bbox 1013 1637 1019 1665; x_wconf 71' lang='grc' dir='ltr'><strong>ι</strong></span> 
     </span>
    </p>

    <p class='ocr_par' dir='ltr' id='par_1_9' title="bbox 241 1707 1013 1771">
     <span class='ocr_line' id='line_1_14' title="bbox 241 1707 1013 1771; baseline 0.004 -16"><span class='ocrx_word' id='word_1_85' title='bbox 241 1707 261 1756; x_wconf 84' lang='lat' dir='ltr'><strong>E</strong></span> <span class='ocrx_word' id='word_1_86' title='bbox 272 1707 353 1756; x_wconf 89' lang='lat' dir='ltr'>medio</span> <span class='ocrx_word' id='word_1_87' title='bbox 363 1722 458 1770; x_wconf 88' lang='lat' dir='ltr'>aequom</span> <span class='ocrx_word' id='word_1_88' title='bbox 470 1709 586 1757; x_wconf 79' lang='lat' dir='ltr'>excedere</span> <span class='ocrx_word' id='word_1_89' title='bbox 597 1718 647 1758; x_wconf 79' lang='lat' dir='ltr'>eet:</span> <span class='ocrx_word' id='word_1_90' title='bbox 665 1718 792 1771; x_wconf 82' lang='lat' dir='ltr'>postremo</span> <span class='ocrx_word' id='word_1_91' title='bbox 797 1712 850 1770; x_wconf 83' lang='lat' dir='ltr'>jum</span> <span class='ocrx_word' id='word_1_92' title='bbox 864 1723 909 1758; x_wconf 80' lang='lat' dir='ltr'>nos</span> <span class='ocrx_word' id='word_1_93' title='bbox 921 1710 1013 1758; x_wconf 71' lang='lat' dir='ltr'>fabule</span> 
     </span>
    </p>

    <p class='ocr_par' dir='ltr' id='par_1_10' title="bbox 242 1796 743 1860">
     <span class='ocr_line' id='line_1_15' title="bbox 242 1796 743 1860; baseline 0.006 -17"><span class='ocrx_word' id='word_1_94' title='bbox 242 1796 343 1856; x_wconf 79' lang='lat' dir='ltr'>Sumus,</span> <span class='ocrx_word' id='word_1_95' title='bbox 354 1797 490 1860; x_wconf 85' lang='lat' dir='ltr'>Pamphile,</span> <span class='ocrx_word' id='word_1_96' title='bbox 502 1799 583 1847; x_wconf 87' lang='lat' dir='ltr'>Senex</span> <span class='ocrx_word' id='word_1_97' title='bbox 594 1805 667 1859; x_wconf 81' lang='lat' dir='ltr'>atque</span> <span class='ocrx_word' id='word_1_98' title='bbox 674 1811 743 1846; x_wconf 83' lang='lat' dir='ltr'>anus.</span> 
     </span>
    </p>
   </div>
   <div class='ocr_carea' id='block_1_3' title="bbox 244 1884 978 1953">
    <p class='ocr_par' dir='ltr' id='par_1_11' title="bbox 244 1884 978 1953">
     <span class='ocr_line' id='line_1_16' title="bbox 244 1884 978 1953; baseline 0.007 -19"><span class='ocrx_word' id='word_1_99' title='bbox 244 1884 293 1935; x_wconf 85' lang='lat' dir='ltr'>Sed</span> <span class='ocrx_word' id='word_1_100' title='bbox 306 1885 376 1937; x_wconf 77' lang='lat' dir='ltr'>uideo</span> <span class='ocrx_word' id='word_1_101' title='bbox 388 1887 532 1953; x_wconf 86' lang='lat' dir='ltr'>Phidippum</span> <span class='ocrx_word' id='word_1_102' title='bbox 546 1887 630 1950; x_wconf 78' lang='lat' dir='ltr'>egredi</span> <span class='ocrx_word' id='word_1_103' title='bbox 641 1904 683 1953; x_wconf 89' lang='lat' dir='ltr'>per</span> <span class='ocrx_word' id='word_1_104' title='bbox 694 1896 791 1952; x_wconf 78' lang='lat' dir='ltr'>tempus</span> <span class='ocrx_word' id='word_1_105' title='bbox 803 1910 808 1938; x_wconf 89' lang='lat'>:</span> <span class='ocrx_word' id='word_1_106' title='bbox 827 1890 978 1940; x_wconf 73' lang='lat' dir='ltr'>accedamus.</span> 
     </span>
    </p>
   </div>
   <div class='ocr_carea' id='block_1_4' title="bbox 457 2124 826 2175">
    <p class='ocr_par' dir='ltr' id='par_1_12' title="bbox 457 2124 826 2175">
     <span class='ocr_line' id='line_1_17' title="bbox 457 2124 826 2175; baseline 0.005 -4"><span class='ocrx_word' id='word_1_107' title='bbox 457 2124 568 2175; x_wconf 85' lang='lat' dir='ltr'><strong>ACTUS</strong></span> <span class='ocrx_word' id='word_1_108' title='bbox 581 2126 623 2173; x_wconf 93' lang='lat' dir='ltr'>lV.</span> <span class='ocrx_word' id='word_1_109' title='bbox 656 2125 765 2174; x_wconf 75' lang='lat' dir='ltr'>scuNA</span> <span class='ocrx_word' id='word_1_110' title='bbox 783 2125 826 2173; x_wconf 84' lang='lat' dir='ltr'>lv.</span> 
     </span>
    </p>
   </div>
   <div class='ocr_carea' id='block_1_5' title="bbox 387 2236 898 2287">
    <p class='ocr_par' dir='ltr' id='par_1_13' title="bbox 387 2236 898 2287">
     <span class='ocr_line' id='line_1_18' title="bbox 387 2236 898 2287; baseline 0.006 -4"><span class='ocrx_word' id='word_1_111' title='bbox 387 2236 542 2287; x_wconf 71' lang='lat' dir='ltr'>Purpureus.</span> <span class='ocrx_word' id='word_1_112' title='bbox 579 2238 694 2287; x_wconf 66' lang='lat' dir='ltr'>Mones.</span> <span class='ocrx_word' id='word_1_113' title='bbox 733 2240 898 2287; x_wconf 75' lang='lat' dir='ltr'>anrnruun.</span> 
     </span>
    </p>
   </div>
   <div class='ocr_carea' id='block_1_6' title="bbox 238 2335 1030 3197">
    <p class='ocr_par' dir='ltr' id='par_1_14' title="bbox 241 2335 854 2399">
     <span class='ocr_line' id='line_1_19' title="bbox 241 2335 854 2399; baseline 0.003 -14"><span class='ocrx_word' id='word_1_114' title='bbox 241 2336 302 2385; x_wconf 76' lang='lat' dir='ltr'>Trou</span> <span class='ocrx_word' id='word_1_115' title='bbox 314 2340 411 2397; x_wconf 83' lang='lat' dir='ltr'>quoque</span> <span class='ocrx_word' id='word_1_116' title='bbox 422 2335 515 2399; x_wconf 83' lang='lat' dir='ltr'>aedepol</span> <span class='ocrx_word' id='word_1_117' title='bbox 527 2351 581 2385; x_wconf 85' lang='lat' dir='ltr'>sum</span> <span class='ocrx_word' id='word_1_118' title='bbox 596 2338 684 2398; x_wconf 80' lang='lat' dir='ltr'>iratus,</span> <span class='ocrx_word' id='word_1_119' title='bbox 697 2338 854 2398; x_wconf 76' lang='lat' dir='ltr'>Philumene,</span> 
     </span>
    </p>

    <p class='ocr_par' dir='ltr' id='par_1_15' title="bbox 240 2422 1010 2667">
     <span class='ocr_line' id='line_1_20' title="bbox 242 2422 1010 2488; baseline 0 -15"><span class='ocrx_word' id='word_1_120' title='bbox 242 2422 355 2473; x_wconf 72' lang='lat' dir='ltr'>Graviter</span> <span class='ocrx_word' id='word_1_121' title='bbox 363 2424 461 2487; x_wconf 85' lang='lat' dir='ltr'>quidem</span> <span class='ocrx_word' id='word_1_122' title='bbox 475 2444 481 2473; x_wconf 77' lang='grc' dir='ltr'>ι</span> <span class='ocrx_word' id='word_1_123' title='bbox 497 2426 555 2474; x_wconf 77' lang='lat' dir='ltr'>ndrn</span> <span class='ocrx_word' id='word_1_124' title='bbox 565 2426 650 2475; x_wconf 89' lang='lat' dir='ltr'>hercle</span> <span class='ocrx_word' id='word_1_125' title='bbox 661 2426 704 2474; x_wconf 71' lang='lat' dir='ltr'>am</span> <span class='ocrx_word' id='word_1_126' title='bbox 716 2432 740 2475; x_wconf 90' lang='lat' dir='ltr'>te</span> <span class='ocrx_word' id='word_1_127' title='bbox 750 2426 877 2475; x_wconf 80' lang='lat' dir='ltr'>faomm&#39;et</span> <span class='ocrx_word' id='word_1_128' title='bbox 886 2424 991 2488; x_wconf 86' lang='lat' dir='ltr'>turpiter</span> <span class='ocrx_word' id='word_1_129' title='bbox 1001 2445 1010 2487; x_wconf 80' lang='lat'>3</span> 
     </span>
     <span class='ocr_line' id='line_1_21' title="bbox 240 2511 951 2577; baseline 0.003 -15"><span class='ocrx_word' id='word_1_130' title='bbox 240 2511 293 2562; x_wconf 79' lang='lat' dir='ltr'>Etel</span> <span class='ocrx_word' id='word_1_131' title='bbox 304 2512 349 2562; x_wconf 87' lang='lat' dir='ltr'>tibi</span> <span class='ocrx_word' id='word_1_132' title='bbox 360 2519 478 2561; x_wconf 79' lang='lat' dir='ltr'>causaest</span> <span class='ocrx_word' id='word_1_133' title='bbox 488 2512 518 2561; x_wconf 91' lang='lat' dir='ltr'>de</span> <span class='ocrx_word' id='word_1_134' title='bbox 526 2513 572 2562; x_wconf 83' lang='lat' dir='ltr'>hoo</span> <span class='ocrx_word' id='word_1_135' title='bbox 583 2528 610 2562; x_wconf 88' lang='lat' dir='ltr'>re</span> <span class='ocrx_word' id='word_1_136' title='bbox 621 2534 629 2575; x_wconf 79' lang='lat'>3</span> <span class='ocrx_word' id='word_1_137' title='bbox 647 2522 789 2575; x_wconf 75' lang='lat' dir='ltr'>materque</span> <span class='ocrx_word' id='word_1_138' title='bbox 800 2522 824 2563; x_wconf 89' lang='lat' dir='ltr'>te</span> <span class='ocrx_word' id='word_1_139' title='bbox 835 2514 951 2577; x_wconf 84' lang='lat' dir='ltr'>impulit:</span> 
     </span>
     <span class='ocr_line' id='line_1_22' title="bbox 240 2601 871 2667; baseline 0.002 -16"><span class='ocrx_word' id='word_1_140' title='bbox 240 2601 306 2651; x_wconf 85' lang='lat' dir='ltr'>Huio&#39;</span> <span class='ocrx_word' id='word_1_141' title='bbox 317 2616 374 2652; x_wconf 81' lang='lat' dir='ltr'>vero</span> <span class='ocrx_word' id='word_1_142' title='bbox 385 2603 455 2652; x_wconf 81' lang='lat' dir='ltr'>nulla</span> <span class='ocrx_word' id='word_1_143' title='bbox 465 2602 510 2652; x_wconf 80' lang='lat' dir='ltr'>est</span> <span class='ocrx_word' id='word_1_144' title='bbox 542 2604 591 2651; x_wconf 82' lang='lat' dir='ltr'>Lo.</span> <span class='ocrx_word' id='word_1_145' title='bbox 609 2604 753 2667; x_wconf 83' lang='lat' dir='ltr'>Opportune</span> <span class='ocrx_word' id='word_1_146' title='bbox 764 2611 789 2652; x_wconf 89' lang='lat' dir='ltr'>te</span> <span class='ocrx_word' id='word_1_147' title='bbox 801 2604 871 2664; x_wconf 82' lang='lat' dir='ltr'>milri,</span> 
     </span>
    </p>

    <p class='ocr_par' dir='ltr' id='par_1_16' title="bbox 238 2691 1030 2930">
     <span class='ocr_line' id='line_1_23' title="bbox 240 2691 960 2757; baseline -0.001 -15"><span class='ocrx_word' id='word_1_148' title='bbox 240 2693 369 2757; x_wconf 83' lang='lat' dir='ltr'>Phidippe,</span> <span class='ocrx_word' id='word_1_149' title='bbox 382 2692 407 2741; x_wconf 89' lang='lat' dir='ltr'>ln</span> <span class='ocrx_word' id='word_1_150' title='bbox 420 2692 473 2756; x_wconf 83' lang='lat' dir='ltr'>lpno</span> <span class='ocrx_word' id='word_1_151' title='bbox 488 2700 598 2755; x_wconf 87' lang='lat' dir='ltr'>tempore</span> <span class='ocrx_word' id='word_1_152' title='bbox 610 2691 729 2741; x_wconf 77' lang='lat' dir='ltr'>ostendis.</span> <span class='ocrx_word' id='word_1_153' title='bbox 761 2694 808 2740; x_wconf 74' lang='lat' dir='ltr'>Ph.</span> <span class='ocrx_word' id='word_1_154' title='bbox 825 2692 892 2746; x_wconf 89' lang='lat' dir='ltr'>Quid</span> <span class='ocrx_word' id='word_1_155' title='bbox 902 2700 939 2741; x_wconf 83' lang='lat' dir='ltr'>est</span> <span class='ocrx_word' id='word_1_156' title='bbox 950 2695 960 2740; x_wconf 91' lang='lat'>?</span> 
     </span>
     <span class='ocr_line' id='line_1_24' title="bbox 238 2779 1030 2843; baseline -0.003 -13"><span class='ocrx_word' id='word_1_157' title='bbox 238 2785 311 2830; x_wconf 82' lang='lat' dir='ltr'>Pom.</span> <span class='ocrx_word' id='word_1_158' title='bbox 328 2780 394 2835; x_wconf 88' lang='lat' dir='ltr'>Quid</span> <span class='ocrx_word' id='word_1_159' title='bbox 405 2780 555 2843; x_wconf 76' lang='lat' dir='ltr'>respondebo</span> <span class='ocrx_word' id='word_1_160' title='bbox 567 2779 626 2829; x_wconf 80' lang='lat' dir='ltr'>his?</span> <span class='ocrx_word' id='word_1_161' title='bbox 647 2787 689 2828; x_wconf 81' lang='lat' dir='ltr'>aut</span> <span class='ocrx_word' id='word_1_162' title='bbox 699 2792 747 2841; x_wconf 91' lang='lat' dir='ltr'>quo</span> <span class='ocrx_word' id='word_1_163' title='bbox 759 2781 831 2840; x_wconf 88' lang='lat' dir='ltr'>pao&#39;to</span> <span class='ocrx_word' id='word_1_164' title='bbox 840 2779 888 2828; x_wconf 86' lang='lat' dir='ltr'>hoe</span> <span class='ocrx_word' id='word_1_165' title='bbox 899 2779 1006 2842; x_wconf 80' lang='lat' dir='ltr'>aperiam</span> <span class='ocrx_word' id='word_1_166' title='bbox 1018 2782 1030 2828; x_wconf 83' lang='lat'>?</span> 
     </span>
     <span class='ocr_line' id='line_1_25' title="bbox 240 2868 896 2930; baseline -0.002 -11"><span class='ocrx_word' id='word_1_167' title='bbox 240 2874 287 2919; x_wconf 82' lang='lat' dir='ltr'>Lo.</span> <span class='ocrx_word' id='word_1_168' title='bbox 304 2869 350 2919; x_wconf 91' lang='lat' dir='ltr'><strong>ch</strong></span> <span class='ocrx_word' id='word_1_169' title='bbox 360 2869 428 2930; x_wconf 75' lang='lat' dir='ltr'>filie,</span> <span class='ocrx_word' id='word_1_170' title='bbox 439 2884 481 2919; x_wconf 78' lang='lat' dir='ltr'>ruo</span> <span class='ocrx_word' id='word_1_171' title='bbox 491 2882 662 2918; x_wconf 80' lang='lat' dir='ltr'>concessurum</span> <span class='ocrx_word' id='word_1_172' title='bbox 673 2868 732 2916; x_wconf 86' lang='lat' dir='ltr'>hinc</span> <span class='ocrx_word' id='word_1_173' title='bbox 742 2870 877 2918; x_wconf 82' lang='lat' dir='ltr'>Sostratam</span> <span class='ocrx_word' id='word_1_174' title='bbox 889 2890 896 2918; x_wconf 69' lang='grc' dir='ltr'><strong>ι</strong></span> 
     </span>
    </p>

    <p class='ocr_par' dir='ltr' id='par_1_17' title="bbox 241 2956 1026 3107">
     <span class='ocr_line' id='line_1_26' title="bbox 241 2956 1026 3019; baseline -0.004 -12"><span class='ocrx_word' id='word_1_175' title='bbox 241 2960 278 3007; x_wconf 91' lang='lat' dir='ltr'>Ne</span> <span class='ocrx_word' id='word_1_176' title='bbox 294 2964 442 3019; x_wconf 83' lang='lat' dir='ltr'>revereatur,</span> <span class='ocrx_word' id='word_1_177' title='bbox 453 2957 535 3007; x_wconf 82' lang='lat' dir='ltr'>minus</span> <span class='ocrx_word' id='word_1_178' title='bbox 542 2959 595 3018; x_wconf 77' lang='lat' dir='ltr'>jam</span> <span class='ocrx_word' id='word_1_179' title='bbox 606 2971 655 3019; x_wconf 92' lang='lat' dir='ltr'>quo</span> <span class='ocrx_word' id='word_1_180' title='bbox 667 2956 749 3006; x_wconf 84' lang='lat' dir='ltr'>redeat</span> <span class='ocrx_word' id='word_1_181' title='bbox 759 2957 869 3005; x_wconf 84' lang='lat' dir='ltr'>domum.</span> <span class='ocrx_word' id='word_1_182' title='bbox 903 2960 949 3005; x_wconf 75' lang='lat' dir='ltr'>Pl.</span> <span class='ocrx_word' id='word_1_183' title='bbox 965 2957 1004 3005; x_wconf 83' lang='lat' dir='ltr'>Ah</span> <span class='ocrx_word' id='word_1_184' title='bbox 1018 2960 1026 3004; x_wconf 80' lang='lat' dir='ltr'>l</span> 
     </span>
     <span class='ocr_line' id='line_1_27' title="bbox 241 3044 849 3107; baseline -0.005 -12"><span class='ocrx_word' id='word_1_185' title='bbox 241 3047 343 3095; x_wconf 86' lang='lat' dir='ltr'>Nullam</span> <span class='ocrx_word' id='word_1_186' title='bbox 354 3045 384 3094; x_wconf 85' lang='lat' dir='ltr'>de</span> <span class='ocrx_word' id='word_1_187' title='bbox 395 3045 434 3095; x_wconf 85' lang='lat' dir='ltr'>his</span> <span class='ocrx_word' id='word_1_188' title='bbox 445 3047 518 3096; x_wconf 86' lang='lat' dir='ltr'>rebus</span> <span class='ocrx_word' id='word_1_189' title='bbox 528 3047 625 3107; x_wconf 80' lang='lat' dir='ltr'>culpam</span> <span class='ocrx_word' id='word_1_190' title='bbox 636 3044 784 3093; x_wconf 88' lang='lat' dir='ltr'>commeruit</span> <span class='ocrx_word' id='word_1_191' title='bbox 791 3052 849 3093; x_wconf 85' lang='lat' dir='ltr'>tua:</span> 
     </span>
    </p>

    <p class='ocr_par' dir='ltr' id='par_1_18' title="bbox 239 3131 880 3197">
     <span class='ocr_line' id='line_1_28' title="bbox 239 3131 880 3197; baseline -0.003 -14"><span class='ocrx_word' id='word_1_192' title='bbox 239 3137 261 3183; x_wconf 80' lang='grc' dir='ltr'>Α</span> <span class='ocrx_word' id='word_1_193' title='bbox 273 3133 401 3197; x_wconf 83' lang='lat' dir='ltr'>Myrrhina</span> <span class='ocrx_word' id='word_1_194' title='bbox 409 3134 460 3185; x_wconf 78' lang='lat' dir='ltr'>haec</span> <span class='ocrx_word' id='word_1_195' title='bbox 472 3140 531 3184; x_wconf 82' lang='lat' dir='ltr'>eunt</span> <span class='ocrx_word' id='word_1_196' title='bbox 538 3148 594 3183; x_wconf 78' lang='lat' dir='ltr'>mea</span> <span class='ocrx_word' id='word_1_197' title='bbox 604 3147 682 3183; x_wconf 83' lang='lat' dir='ltr'>uxore</span> <span class='ocrx_word' id='word_1_198' title='bbox 692 3140 779 3182; x_wconf 76' lang='lat' dir='ltr'>exorta</span> <span class='ocrx_word' id='word_1_199' title='bbox 788 3131 880 3182; x_wconf 75' lang='lat' dir='ltr'>omniu.</span> 
     </span>
    </p>
   </div>
   <div class='ocr_carea' id='block_1_7' title="bbox 0 0 1240 3800">
    <p class='ocr_par' dir='ltr' id='par_1_19' title="bbox 0 0 1240 3800">
     <span class='ocr_line' id='line_1_29' title="bbox 0 0 1240 3800; baseline 0 0"><span class='ocrx_word' id='word_1_200' title='bbox 0 0 1240 3800; x_wconf 95' lang='lat' dir='ltr'> </span> 
     </span>
    </p>
   </div>
  </div>
 </body>
</html>
