2459 3800
263 478 294 524 34
492 475 518 522 P.
533 473 694 522 'PERENTII
711 472 850 521 ANolslh.

263 616 372 663 Fuerant
381 613 481 673 lutura,
493 613 562 660 liant.
597 612 641 660 Oh.
660 612 712 672 Ah,
724 625 755 660 ne
765 623 806 658 me
815 610 927 657 obsecra:

265 701 341 759 Quasi
350 705 397 752 hoc
407 710 432 752 te
444 701 538 752 orando
550 715 565 750 a
576 713 616 749 me
628 699 760 763 impetrare
771 704 890 761 oporteat.

264 793 349 842 Alium
361 805 414 840 esse
425 804 584 842 cenecsrrunc
596 802 646 848 me,
658 796 731 850 atque
742 786 813 848 olim,
823 799 881 834 cum
892 784 1000 833 dabam?

266 883 293 933 Si
304 884 331 931 in
342 889 443 931 remeet
454 881 559 943 utrique,
571 888 599 928 ut
610 879 680 939 fiant,
693 879 782 928 arcessi
790 879 858 938 jube.

266 953 314 1024 Sed
323 972 344 1021 si
355 987 386 1021 ex
395 985 457 1020 care
468 973 524 1035 plus
535 969 627 1018 maliet
637 983 710 1031 quam
722 968 847 1017 commodi

267 1063 383 1124 Utrique,
392 1063 417 1112 id
428 1077 473 1111 oro
484 1070 519 1122 te,
530 1062 556 1110 in
569 1073 702 1109 commune
713 1068 741 1109 ut
747 1061 878 1109 consulas:

268 1151 344 1207 Quasi
355 1151 399 1200 illa
410 1159 452 1200 tua
462 1151 504 1211 rit,
516 1149 687 1212 Pamphilique
698 1163 744 1211 ego
757 1149 804 1198 sim
815 1156 890 1212 pater.

267 1244 303 1290 Sl.
322 1243 375 1290 lano
387 1241 421 1290 ita
428 1241 496 1300 volo,
504 1241 586 1313 itaque
597 1239 705 1303 postulo,
718 1245 747 1286 ut
756 1238 810 1297 fiat,
821 1237 927 1288 Chreme
939 1258 945 1286 z

269 1333 355 1394 Neque
373 1332 495 1394 postulem
507 1332 550 1379 abs
568 1328 664 1389 te,'nisi
678 1329 732 1391 lpsa
746 1342 785 1378 res
801 1335 909 1377 moneat.
942 1328 985 1375 cl.
1004 1325 1071 1380 Quid

333 1422 389 1469 est?
757 1401 761 1408 ¹
836 1487 838 1489 ·

270 1513 306 1559 Sl.
325 1512 371 1560 11·ae
380 1511 510 1560 suutiuter
521 1509 663 1572 Glycerium
674 1516 699 1558 et
709 1516 819 1570 gnatum.
855 1509 899 1556 ct.
916 1505 1007 1556 Audio.

270 1603 306 1649 Sl.
324 1601 361 1648 lta
373 1614 476 1661 magnae,
489 1608 517 1649 ut
527 1613 622 1662 sperem
635 1611 706 1661 posse
717 1597 798 1646 avelli.
832 1597 877 1646 Ch.
896 1597 1003 1645 Fabulae.

270 1690 307 1738 Sl.
326 1689 482 1738 Profectosic
494 1695 538 1737 est.
574 1689 619 1736 Ch.
635 1687 813 1746 sichercle,ut
821 1685 900 1737 dicam
910 1685 971 1734 tibi:
1040 1739 1044 1744 ,

270 1776 414 1825 Amantium
421 1776 474 1836 irae,
486 1775 576 1824 amoris
588 1774 758 1836 integratio'st.

271 1869 307 1917 Sl.
326 1867 405 1915 Hem!
425 1865 449 1915 id
460 1873 484 1915 te
496 1879 551 1925 oro,
563 1873 591 1913 ιιι
599 1872 758 1925 cumeanus,
767 1865 827 1914 dum
838 1871 934 1928 tempus
946 1863 1029 1925 datur,

272 1956 384 2017 Dumque
395 1956 448 2015 eJ'us
457 1954 533 2001 libido
542 1954 674 2002 occlusa'st
684 1954 839 2002 contumeliis
850 1974 856 2002 ι

274 2041 427 2105 Priusquam
439 2043 527 2091 harum
540 2041 643 2102 scelera,
654 2050 680 2090 ct
690 2042 805 2091 lacrumae
816 2043 927 2091 confictae
939 2041 1013 2101 dolis,

271 2131 399 2180 Reducunt
409 2132 519 2179 animum
530 2139 649 2192 aegrotum
660 2132 691 2180 ad
701 2130 906 2191 misericordiam,

275 2221 387 2269 Uxorem
396 2220 481 2269 demus
495 2240 500 2268 :
520 2236 590 2283 spero
601 2221 777 2271 consuetudine
788 2230 814 2270 et

273 2308 393 2370 Coniugio
403 2308 500 2357 liberali
511 2308 661 2369 devinctum,
676 2311 792 2370 Chreme,

273 2395 334 2445 Dein
345 2397 417 2448 facile
424 2412 457 2446 ex
465 2397 516 2446 illis
527 2412 579 2446 sese
590 2412 743 2447 emersurum
756 2399 836 2447 malis.

276 2486 319 2535 Oh.
335 2486 392 2535 Tibi
400 2486 434 2535 ita
443 2487 491 2535 hoc
502 2486 614 2535 videtur:
633 2495 658 2536 at
667 2500 711 2549 ego
724 2502 773 2537 non
786 2502 857 2551 posse
869 2487 986 2548 arbitror,

274 2576 360 2637 Neque
371 2575 444 2624 illum
453 2576 516 2625 hauc
528 2584 645 2639 perpetuo
655 2577 755 2636 habere,
768 2590 845 2639 neque
856 2591 895 2625 me
906 2576 1009 2640 perpeti.

275 2665 311 2713 Sl.
329 2664 377 2718 Qui
387 2664 433 2714 scis
443 2680 502 2726 ergo
511 2665 584 2727 istuc,
596 2666 644 2716 nisi
653 2664 772 2729 periclum
783 2666 892 2716 feceris?

277 2752 320 2799 Ch.
336 2754 371 2801 At
379 2752 441 2801 istuc
452 2753 571 2816 periclum
583 2754 608 2803 iu
619 2755 671 2805 filia
681 2754 745 2815 ficri,
756 2768 828 2817 grave
834 2762 881 2805 est.

273 2841 309 2888 Sl.
327 2842 422 2905 Nempe
432 2841 620 2893 incommoditas
632 2844 737 2906 denique
746 2845 795 2893 huc
803 2844 884 2894 omnis
895 2843 975 2895 redit:

274 2930 300 2979 Si
313 2930 418 2993 eveniat,
428 2933 494 2995 quod
505 2932 537 2982 Di
547 2934 704 2995 prohibeant,
714 2932 838 2983 discessio.

275 3020 310 3067 Αι
322 3020 342 3067 εἰ
352 3020 491 3083 corrigitur,
504 3030 564 3083 quot
574 3023 773 3085 commoditates,
784 3022 846 3073 vide.

274 3106 410 3172 Principio,
422 3110 502 3161 amico
513 3112 592 3161 filium
605 3112 757 3163 restitueris:
