2459 3800
234 431 264 482 78
426 431 452 481 P.
463 429 624 500 TERENTH
641 429 841 479 EUNUCHUS.

231 578 292 624 Par.
308 575 366 624 Flos
377 573 437 637 ipse.
473 575 516 622 Gd-
534 575 603 623 Hanc
622 582 650 622 tu
667 572 729 622 mihi
748 573 787 620 vei
804 570 840 633 vi,
858 570 897 620 vei
909 569 983 631 clam,
994 569 1032 619 vel

297 661 407 726 precario

231 753 279 802 rac
290 752 373 801 tradem
381 765 393 799 =¹
406 765 461 800 mea
472 743 539 798 nihil¹
546 751 634 809 refert,
645 750 704 799 dum
714 748 796 813 potiar
805 747 887 797 modo.

232 846 291 891 Par.
315 825 401 897 Quid?
426 841 493 901 virgo
515 832 624 900 cuja’st?
671 841 713 888 Gt.
737 839 827 888 Nescio
843 839 936 888 hercle·
974 841 1034 887 Par.

299 930 423 981 Unde'st?
462 929 505 977 et.
522 927 690 977 Tantundem.
722 930 783 976 Por.
801 927 853 977 Ubi
863 927 978 976 habitat?

232 1018 275 1067 er.
293 1000 497 1078 ueroqueemJ
515 1019 576 1064 rar.
594 1015 757 1066 uurvuuor
796 1017 839 1064 ou.
857 1015 941 1065 invia.
973 1019 1035 1065 rar.

295 1097 461 1160 oneratione
472 1104 574 1153 amisti?
780 1102 784 1106 ’
830 1091 834 1096 ’

233 1197 275 1245 et.
293 1196 321 1245 ld
333 1195 445 1257 equidem
456 1194 586 1244 adveniens
598 1209 695 1244 mecum
705 1194 874 1244 stomachabar
886 1191 976 1241 modo:

231 1287 284 1334 Nee
303 1290 441 1348 quenquam
468 1298 520 1333 esse
541 1299 586 1346 ego
611 1284 738 1334 hominem
755 1286 873 1344 arbitror,
894 1283 936 1332 cui
957 1280 1035 1342 magis

296 1376 368 1422 bonae

214 1470 226 1484 “
233 1462 368 1512 Felicitates
378 1475 466 1512 omues
477 1463 584 1512 edversae
596 1463 671 1512 sient.

233 1557 292 1602 Par.
310 1551 376 1608 Quid
388 1553 434 1601 hoc
446 1563 484 1602 est
500 1553 620 1601 sceleris?
659 1553 702 1600 Gla.
720 1551 793 1600 Perii.
827 1543 888 1600 Par.
904 1549 971 1604 Quid
988 1549 1039 1598 fue·

297 1641 401 1694 tum'et?
440 1641 483 1688 Ch.
500 1642 600 1701 Rogas?

233 1730 313 1779 Patris
325 1737 465 1790 cognatum,
477 1737 550 1791 etque
561 1731 691 1792 aequalem,
702 1729 901 1779 Archidemidem

233 1819 375 1869 Novistin'?
412 1823 471 1868 Par.
488 1819 554 1874 Quid
573 1819 621 1868 ni?
667 1820 762 1880 Giris,
780 1820 840 1868 dum
859 1833 948 1880 sequor
965 1819 1042 1878 hunc,·

299 1911 327 1959 fit
338 1909 400 1958 mihi
411 1911 519 1981 obviam.

233 2003 292 2049 Por.
310 1998 469 2047 Incommode
480 1999 571 2048 hercle.
604 1994 649 2047 Cle.
667 2001 721 2048 lmo
731 1998 857 2048 enimvero
867 1998 1017 2063 iufelicitcrz

234 2090 299 2136 Nem
309 2086 465 2135 incommoda
473 2087 524 2135 ulia
535 2095 593 2136 sunt
603 2087 717 2147 dicenda,
730 2089 858 2140 Parmeno·
908 2087 911 2091 ’

234 2177 319 2236 illum,
330 2176 407 2238 liquet
418 2175 480 2223 mihi
492 2175 612 2237 deierare,
628 2177 667 2225 his
679 2177 804 2226 mensibus

235 2267 294 2325 Sex,
305 2273 410 2328 septem,
421 2266 536 2327 prorsum
549 2280 599 2314 uon
611 2266 702 2337 vidisse
711 2265 843 2330 proximis,

236 2354 292 2404 Nisi
310 2368 385 2414 nuuc,
396 2369 452 2403 eum
464 2354 566 2401 minime
576 2355 675 2414 vellem,
687 2354 837 2417 minimeque
848 2370 909 2418 opus
920 2356 975 2405 fuit.
1014 2406 1018 2411 ,

234 2444 307 2493 Eho!
337 2458 420 2493 nonne
436 2444 484 2491 hoc
506 2443 610 2491 monstri
634 2443 782 2491 simile’sti-
799 2444 870 2499 Quid
883 2444 941 2493 εἰει.)
980 2448 1041 2494 Par.

299 2535 428 2597 Maxume.
646 2588 649 2591 Δ

238 2624 281 2671 Oh.
298 2622 423 2672 Continuo
434 2621 539 2671 accurrit
549 2621 580 2670 ad
591 2636 641 2682 me,
652 2637 725 2684 quum
736 2624 809 2684 longe
820 2622 929 2686 quidem,

238 2713 365 2770 Incurvus,
376 2711 506 2769 tremulus,
519 2710 589 2759 labiis
601 2710 845 2772 demissio-'gemente
885 2709 887 2713 '

237 2802 315 2859 fleur,
327 2800 399 2859 heus,
410 2799 454 2848 tibi
465 2799 531 2858 dico,
545 2798 657 2859 Chaerea,
668 2799 755 2861 inquit.
776 2800 872 2849 Restiti.
956 2803 961 2812 “

237 2887 304 2937 Scin’
316 2887 375 2949 quid
386 2902 430 2948 ego
441 2898 465 2936 te
477 2888 589 2936 volebam
601 2889 610 2935 ?
631 2886 684 2937 Die.
695 2889 755 2936 Cras
767 2896 806 2937 est
816 2888 878 2937 mihi

235 2976 369 3025 iudicium.
381 2977 447 3031 Quid
458 2984 510 3025 tum
522 2980 532 3025 ἓ
559 2979 595 3026 Ut
605 2977 733 3037 diligenter
744 2978 846 3030 nunciet

235 3064 313 3127 Patri,
323 3064 453 3117 advocatum
464 3081 535 3116 mane
546 3066 607 3116 mihi
619 3080 672 3117 esre
682 3075 710 3116 ut
720 3067 868 3118 meminerit.
903 3108 906 3113 .
