2459 3800
244 463 294 512 256
465 459 494 508 P.
509 457 679 508 'l'ERiiN'l'll-
689 457 832 508 HECYRA.

245 599 321 656 Quod
337 596 482 658 bincinam,
501 596 547 646 illa
563 595 605 645 hio
625 603 737 646 maneret
754 591 846 660 potius,
867 600 895 644 tu
913 595 972 644 hinc
990 593 1052 646 isses

309 689 387 738 ieras.
465 720 469 724 -
1009 671 1011 676 ,

245 776 354 837 Atride,
366 789 440 840 quam
450 774 577 825 immerito
592 773 713 836 egendo
727 775 780 824 haec
791 773 871 824 oritur
883 773 944 824 mihi
956 775 999 824 abs
1016 780 1053 835 te,

310 868 436 916 manau:
843 857 846 864 '

246 955 298 1003 iius
308 953 448 1002 habitatum
458 953 518 1014 abii,
528 952 667 1002 concedens
678 952 759 1014 vobis,
770 959 796 1001 et
804 952 840 1002 rei
852 951 960 1002 seruiens
971 972 978 1000 ι

247 1043 349 1092 Sumtus
358 1050 453 1093 vestros
463 1043 591 1104 otiumque
601 1049 630 1090 ut
641 1048 728 1090 nostra
738 1055 778 1090 res
789 1049 872 1104 posset
882 1041 945 1104 pati,

247 1135 307 1183 Meo
326 1132 405 1183 labori
425 1133 487 1182 haut
504 1146 617 1196 parcens,
637 1138 726 1194 praeter
747 1144 842 1192 aequom
865 1137 938 1193 atque
952 1122 1053 1180 'autem

313 1237 404 1274 meam.

250 1315 308 1364 Non
319 1322 345 1364 te
354 1329 400 1378 pro
411 1313 451 1363 bis
461 1327 559 1364 curasse
569 1315 654 1376 rebus,
665 1329 696 1364 ne
707 1313 766 1376 quid
777 1327 842 1375 agre
850 1320 916 1363 esset
926 1311 987 1362 mihi
999 1314 1009 1360 ?

249 1405 291 1454 So.
306 1405 365 1453 Non
383 1417 439 1452 mea
455 1417 541 1467 opera,
560 1416 640 1465 neque
658 1403 700 1466 pol
719 1403 792 1466 culpa
811 1400 899 1452 evenit.
932 1403 981 1450 Lu.
998 1402 1053 1450 imo

313 1505 438 1541 maxume.

250 1580 310 1630 Sola
319 1580 360 1630 hic
371 1579 453 1630 inisti:
470 1580 497 1629 in
507 1588 533 1629 te
542 1578 624 1630 omnis
633 1581 711 1630 beret
721 1580 794 1644 culum
807 1580 870 1642 sola,
880 1581 999 1630 Susum

250 1673 312 1727 Qun
319 1670 453 1732 hiemant,
464 1684 563 1720 curares
574 1692 580 1720 ε
599 1686 656 1720 cum
672 1685 717 1733 ego
728 1685 771 1720 vos
782 1671 845 1720 solvi
853 1670 919 1720 curis
929 1669 1034 1720 uteoeris.

252 1761 316 1809 cnm
326 1760 409 1824 puella
417 1775 492 1810 anum
503 1761 638 1824 suscepisse
649 1753 790 1811 inimicitias
801 1775 851 1810 non
860 1761 935 1824 pudet
946 1763 956 1809 i

250 1848 321 1901 lilius
340 1849 405 1901 dions
424 1851 497 1915 culpa
512 1850 613 1901 fautum.
653 1853 694 1901 So.
720 1853 788 1900 Haut
805 1849 917 1914 equidem
936 1849 1003 1911 dico,
1020 1847 1057 1897 mi

315 1942 417 1991 Laches.
1039 1932 1041 1937 ’
1058 1936 1060 1941 ’

250 2033 299 2080 Lo.
315 2030 428 2093 Gaudeo,
448 2031 484 2081 ita
500 2046 540 2080 me
559 2031 591 2081 Di
602 2039 697 2092 ament,
716 2030 785 2093 gnati
795 2045 884 2081 causat
898 2024 961 2081 'uam
980 2029 1011 2079 de
1029 2036 1057 2079 te

315 2118 425 2181 quidem,

252 2204 316 2256 Satis
327 2205 389 2267 scio,
400 2207 522 2269 pensando
533 2207 675 2259 detrimenti
683 2209 719 2259 nil
731 2210 784 2261 ieri
795 2217 881 2274 potest

251 2297 293 2343 So.
310 2294 359 2350 Qui
368 2295 427 2357 seis,
446 2309 478 2344 au
496 2310 526 2345 ea
542 2310 626 2358 eurise,
646 2297 679 2347 mi
696 2299 743 2359 vir,
766 2314 806 2348 me
824 2299 906 2349 odisse
925 2298 1056 2349 assimula-

318 2382 390 2445 verit,
1121 2362 1123 2369 Α

253 2475 290 2524 Ut
298 2488 356 2524 cum
372 2482 451 2525 mane
469 2490 519 2525 una
534 2478 589 2540 pius
603 2480 685 2527 esset?
705 2480 753 2527 Lo.
771 2478 837 2534 Quid
849 2477 905 2528 aia?
924 2492 973 2528 non
994 2476 1057 2540 signi

316 2564 365 2613 hoc
377 2571 473 2624 natent,
941 2580 943 2587 ·

253 2652 326 2709 Quod
336 2652 391 2702 heri
408 2668 483 2703 nemo
500 2654 578 2705 voluit
595 2654 714 2706 visentem
733 2657 764 2706 ad
781 2672 836 2707 eam
853 2664 878 2707 te
890 2656 955 2707 intro
967 2655 1056 2706 admit-

317 2745 389 2792 tere?

253 2833 295 2880 So.
312 2830 386 2879 Enim
395 2832 485 2881 lusam
496 2833 586 2896 oppido
597 2841 651 2883 tum
662 2848 716 2885 esse
726 2834 837 2885 aiebant:
855 2848 885 2883 eo
896 2834 927 2883 ad
939 2846 995 2883 eam
1005 2846 1055 2883 non

319 2920 427 2972 admissa
437 2936 501 2973 sum.
934 2922 937 2929 '

254 3010 303 3058 Lo.
319 3010 388 3059 Tuos
405 3023 459 3059 esse
478 3011 516 3060 iili
536 3025 618 3061 mores
635 3012 750 3061 morbum
769 3010 858 3075 magis,
887 3024 960 3074 quam
978 3009 1055 3059 ullam

319 3095 393 3149 aliam
404 3112 468 3162 rem,
479 3100 587 3151 arbitror
598 3120 604 3150 ε
