2459 3800
442 489 554 539 noros
573 457 614 539 ni.
648 490 804 543 sonnino.
922 492 923 497 ’
978 496 1022 545 165

431 831 434 836 y
485 765 623 840 Cnonnea.
657 768 752 819 Since.

214 877 259 925 lca
268 890 308 928 me
318 874 350 925 Di
361 878 488 937 amabunt,
501 886 530 927 ut
539 891 605 928 nunc
614 881 755 933 Menedemi
766 881 843 933 vicem

213 964 317 1014 Miseret
326 978 377 1025 me,
388 972 482 1015 mutum
495 967 621 1016 devenisse
633 968 730 1018 adeum
742 970 808 1019 mali.

215 1053 347 1103 lllanccine
358 1055 487 1106 mulierem
499 1058 565 1105 alere
578 1072 635 1106 cum
647 1058 691 1107 illa
702 1059 813 1109 familia?

213 1143 267 1192 Etsi
278 1144 339 1204 scio,
348 1145 422 1195 hosce
436 1146 530 1208 aliquot
542 1147 594 1195 dieu
606 1161 656 1197 non
668 1150 773 1199 sentiet:

213 1233 252 1281 lta
262 1246 351 1294 magno
361 1233 483 1284 deciderio
494 1235 543 1285 fuit
553 1235 576 1284 ei
587 1236 661 1285 lilius.
671 1276 674 1281 ,

213 1324 306 1372 Verum
316 1324 358 1373 ubl
370 1325 461 1374 videbit
470 1333 552 1375 tantos
563 1325 609 1375 cibi
622 1334 717 1375 sumtus
728 1326 796 1375 domi

215 1412 357 1473 Cotidianos
366 1414 431 1475 lieri,
440 1430 485 1464 uec
497 1415 551 1463 fieri
564 1414 677 1479 modum,

217 1501 318 1563 Optabit
328 1518 428 1552 rursum
439 1512 468 1553 ut
478 1504 549 1553 abeat
560 1505 591 1553 ab
601 1518 628 1553 ae
639 1503 713 1553 filins.

214 1590 303 1659 Syrum
325 1599 425 1655 optume
447 1607 544 1643 eccum.
583 1595 625 1655 Sy.
642 1593 717 1641 Cesso
740 1592 806 1644 hunc
829 1592 939 1643 adoriri?
975 1596 1019 1643 Ch.

277 1680 346 1743 Syre.
370 1683 422 1743 Sy.
440 1683 514 1729 Hem.

214 1767 257 1815 Cli.
274 1768 343 1821 Quid
345 1771 407 1843 eat?
444 1772 485 1831 Sy.
503 1771 539 1819 Te
551 1769 613 1819 mihi
631 1769 711 1833 ipsum
727 1772 780 1831 Jam
801 1770 892 1821 dudum
915 1780 1018 1835 exopta-
1105 1804 1112 1825 0

277 1856 332 1908 bam
344 1855 406 1906 dari.
859 1880 862 1885 ·

214 1945 257 1994 (ll.
273 1945 363 1995 Vndere
373 1946 450 2008 egisse
457 1948 510 2007 jam
521 1947 605 1998 nescio
616 1949 677 2012 qnid
688 1963 745 1997 enm
756 1963 822 1999 sene.

212 2036 254 2096 Sy.
272 2036 308 2084 De
324 2036 369 2084 illo
380 2036 446 2098 quod
456 2036 566 2087 dudum?
585 2038 677 2103 dictum
689 2053 716 2090 ac
729 2040 821 2090 factum
832 2037 935 2089 reddidi.

214 2124 257 2173 Gla.
273 2125 375 2174 Bonane
392 2124 461 2174 fide?
501 2128 543 2188 Sy.
560 2128 631 2176 Bona
650 2128 742 2186 hercle,
779 2130 822 2178 Ol.
840 2131 897 2178 Non
917 2143 1016 2192 possum

278 2213 327 2276 pati

213 2307 281 2377 Quin
291 2307 337 2357 tibi
347 2316 419 2372 caput
429 2306 594 2358 demulceam:
612 2309 699 2368 accede
710 2309 769 2370 hnc,
781 2310 854 2371 Syre:

213 2397 309 2448 Faciam
320 2397 380 2446 boni
391 2398 436 2447 tibi
447 2397 541 2460 aliquid
551 2412 597 2460 pro
608 2397 656 2447 ista
667 2413 705 2458 re,
716 2412 744 2447 ec
756 2399 854 2448 lubens.

213 2489 257 2549 Sy.
273 2489 307 2536 At
317 2487 338 2536 ci
350 2487 422 2549 omae,
434 2499 508 2549 quam
519 2488 581 2536 scite
592 2488 618 2536 in
631 2496 739 2536 mentem
751 2488 852 2541 venerit.

213 2577 257 2625 Ol.
272 2576 343 2624 Vah!
361 2576 467 2636 gloriare
477 2575 586 2626 evenisse
597 2591 628 2625 ex
640 2577 780 2626 sententia?

213 2666 254 2724 Sc.
272 2665 329 2712 Non
342 2663 426 2712 hercle
436 2678 505 2724 vero,
517 2680 603 2714 verum
611 2665 674 2715 dico.
711 2667 755 2717 cl.
772 2666 827 2727 Dic,
838 2665 944 2728 quidest
955 2667 965 2714 ἓ

213 2756 256 2814 Sy.
272 2754 321 2804 Tui
332 2753 480 2816 Clitiphonis
492 2769 545 2804 esce
555 2755 660 2804 amicam
669 2756 732 2804 hanc
742 2755 890 2806 Bacchidem

211 2843 362 2916 Menedemo
372 2843 436 2892 dixit
448 2844 547 2907 Clinia;
564 2853 590 2894 et
602 2859 633 2894 ea
643 2844 722 2908 gratia

130 2955 135 2970 ·
213 2936 304 2999 Secum
313 2933 456 2997 adduxisse,
467 2950 499 2985 ne
511 2943 540 2985 tn
550 2933 576 2984 id
586 2936 783 2999 pernentisceres.

214 3026 258 3074 Gk.
275 3025 364 3073 Probe.
395 3026 439 3085 Sy.
456 3024 501 3086 Dic
521 3024 601 3097 codes.
637 3026 680 3074 Oh.
696 3025 941 3088 Nimium‚inqnam.
975 3028 1016 3086 Sy.
1049 3095 1052 3102 ,

279 3111 472 3165 lmmooiccioc.
522 3175 527 3182 ¹
