2459 3800
421 524 532 574 Actus
550 526 580 574 v,
613 526 721 576 scuus
740 527 781 579 u·
824 539 828 546 ·
942 496 990 575 css

188 656 331 717 Aggredior.
364 660 477 724 Bacchis,
488 664 562 711 salve.
594 666 643 713 Ba.
656 665 737 725 Salve,
749 664 836 713 Lache.
872 666 918 713 Lo.
931 664 991 713 Orc-

253 746 285 795 do
295 747 388 811 aedcpol
397 754 423 797 te

189 835 311 884 Nonnihil
323 837 417 899 mirari,
429 839 542 901 Bacchis,
551 840 610 902 quid
620 840 663 903 sit,
672 848 820 904 quapropter
830 848 855 889 tc
866 840 915 889 huc
923 840 989 889 foras

253 939 355 986 puerum
367 919 543 989 evocsreJussi.

187 1016 235 1063 Bo.
251 1017 304 1078 Ego
315 1019 356 1081 pol
375 1034 471 1083 quoque
481 1021 556 1071 etiam
569 1021 655 1071 timida
664 1036 729 1083 sum,
749 1037 824 1084 quum
841 1021 908 1071 venit
927 1020 988 1069 mihi

254 1106 278 1154 iu
291 1115 398 1156 mentem
407 1124 460 1171 quae
472 1109 534 1158 sim:

188 1196 226 1243 Ne
237 1206 329 1244 nomen
341 1196 401 1245 mihi
413 1205 520 1259 quaestus
532 1200 612 1248 obstet
622 1200 687 1261 apud
695 1206 737 1249 tc:
756 1212 814 1247 nam
825 1212 907 1247 mores
917 1196 990 1247 facilc

252 1291 327 1333 tutor.

187 1373 235 1421 Lu.
253 1372 280 1421 Si
290 1386 347 1421 vera
357 1372 428 1435 dicis,
439 1374 503 1423 nihil
513 1373 559 1423 tibi
569 1373 656 1437 pericli
667 1382 706 1423 est
716 1388 731 1422 a
742 1388 792 1434 me,
801 1374 891 1422 mulier
901 1392 907 1422 =

177 1454 251 1509 *Nam
262 1462 316 1521 jum
328 1468 398 1511 aetutc
414 1474 444 1510 es
454 1476 520 1523 sum,
536 1470 566 1511 ut
576 1476 627 1511 non
638 1462 686 1511 siet
695 1469 795 1525 peccato
815 1461 877 1510 mihi
894 1460 990 1522 ignosci

251 1563 378 1611 aequomz-

188 1641 243 1693 Quo
254 1638 330 1709 magis
342 1639 423 1689 omnis
434 1654 472 1689 res
484 1639 588 1700 cautius,
599 1654 631 1689 nc
642 1647 735 1689 temere
746 1640 846 1701 faciam,
858 1652 956 1688 aocuro.

188 1730 252 1777 Nam
265 1728 286 1776 si
297 1728 322 1777 id
332 1728 402 1790 fucis,
422 1730 545 1778 facturave
557 1742 593 1789 es,
611 1730 688 1777 bonas
705 1728 771 1791 quod
782 1742 828 1791 par
845 1737 883 1777 est
893 1729 989 1777 facere:

251 1817 366 1866 inscitum

187 1907 283 1958 Offerre
294 1907 408 1968 injuriam
417 1907 463 1957 tibi
474 1921 523 1967 me,
533 1907 673 1957 immerenti
683 1907 793 1970 iniquom
804 1915 850 1957 cst.

186 1992 241 2046 Bal
252 1999 297 2046 Est
313 2009 401 2058 magna
412 2004 506 2046 ecastor
518 1996 596 2060 gratia
614 1997 645 2046 de
664 1997 725 2047 istuc
743 2012 783 2058 rc,
801 2011 874 2060 quum
889 1997 933 2047 tibi
943 1998 989 2047 ha-

250 2088 329 2137 heom,
513 2069 516 2076 ⁴

186 2177 251 2224 Num
271 2175 312 2238 qui
330 2184 385 2239 post
395 2168 483 2226 factam
494 2176 610 2238 injurium
631 2190 659 2224 sc
675 2185 804 2239 expurget,
822 2191 911 2239 purum
928 2176 989 2225 mihi

250 2264 336 2326 prosit.

187 2351 236 2401 Sed
247 2351 305 2414 quid
315 2352 377 2401 istuc
388 2354 442 2401 est?
477 2355 524 2400 Lu.
536 2353 621 2400 Meum
633 2360 742 2414 receptas
753 2351 986 2401 filiumudtePam·

251 2440 356 2502 philum,
387 2442 435 2488 Bo.
452 2440 509 2488 Ah!

186 2529 234 2577 La.
250 2527 397 2578 sinodicam
413 2547 419 2576 ι
433 2541 537 2576 uxorem
548 2528 611 2576 hauc
622 2527 689 2590 prius
700 2541 773 2589 quam
785 2527 866 2588 duxit,
876 2534 986 2575 vostrum

250 2611 361 2665 amorem
368 2615 466 2679 perusii.

186 2707 272 2765 Mane,
284 2703 393 2753 nondum
404 2703 478 2752 ctiam
488 2702 541 2752 dixi
552 2702 577 2755 id
585 2703 651 2764 quod
662 2703 737 2752 volui.
749 2703 796 2752 Hic
807 2717 872 2752 nunc
882 2717 986 2752 uxorem

249 2794 341 2856 habei3

186 2885 273 2937 Quaere
284 2881 361 2930 alium
371 2880 418 2930 tibi
436 2879 541 2930 amicum
554 2878 699 2939 firmiorem,
718 2878 777 2927 dum
787 2886 884 2941 tempus
894 2892 984 2928 consu·

251 2971 318 3019 leudi
328 2978 381 3019 est:
613 2953 615 2956 ¹

187 3060 251 3107 Nam
269 3071 348 3120 usquc
366 3058 409 3106 iile
420 3059 467 3106 hoc
478 3056 561 3106 animo
572 3057 621 3108 crit
638 3063 748 3117 oetatem,
764 3070 843 3119 neque
854 3057 895 3119 pol
906 3063 934 3106 tu
944 3069 986 3104 ea·

225 3176 229 3184 -
251 3145 306 3194 dem
318 3141 465 3195 istsc'utate.
