2459 3800
247 471 295 520 286
465 472 493 520 P.
508 469 672 525 'tunsum
687 469 830 519 Hucine.

249 609 323 665 Quod
332 607 426 671 peperit
432 622 496 658 uxor
506 609 580 667 dem,
589 606 614 658 id
623 607 708 656 leve’st
718 627 724 655 ι
742 606 791 656 cito
801 606 833 654 nb
843 619 874 654 eo
884 605 937 654 ineo
944 602 983 653 iro
992 606 1053 662 eosq

313 699 390 748 cedet

250 786 363 835 Profecto
382 786 409 836 in
426 787 473 836 hac
485 801 512 835 re
524 786 585 836 nihil
603 787 663 836 muli
679 794 728 847 est,
743 784 809 847 quod
826 782 859 834 sit
876 781 979 832 discidio
995 781 1052 843 dig·

312 890 380 924 num.

249 965 296 1011 Plu.
313 962 394 1012 Velim
412 963 509 1026 quidem
532 965 623 1014 hercle.
656 968 704 1012 La.
721 962 847 1025 Exquire:
877 962 961 1011 adest:
980 961 1051 1023 quod

314 1051 372 1100 satis
382 1052 423 1112 sit,
436 1052 509 1101 faciet
520 1052 579 1115 ipso.

249 1143 295 1189 Pu.
313 1140 379 1195 Quid
389 1140 455 1190 istaec
466 1141 527 1189 mihi
539 1144 642 1190 narras?
659 1155 690 1190 an
710 1141 767 1203 quia
786 1154 837 1189 non
855 1138 946 1202 tuipse
957 1139 1050 1188 dudum

313 1228 414 1290 audisti,

251 1319 289 1366 De'
298 1317 345 1366 hee
360 1332 388 1366 re
407 1317 503 1367 unimus
514 1332 582 1367 meus
594 1325 623 1367 ut
633 1317 676 1378 sit,
697 1318 809 1378 Laches?
829 1316 879 1366 illis
894 1315 967 1365 modo
980 1317 1053 1379 exple

315 1405 432 1456 animum.

251 1499 298 1544 La.
316 1497 406 1550 Quaeso
417 1494 521 1556 aedepol,
533 1493 646 1555 Bacchis,
667 1493 733 1556 quod
745 1491 807 1541 mihi
823 1507 850 1542 es
861 1491 981 1555 pollicita,
999 1501 1054 1542 tute

317 1591 345 1632 ut
356 1597 445 1632 serves.

252 1673 300 1720 Ba.
318 1671 358 1720 Ob
369 1685 424 1719 eam
435 1685 487 1719 rem
494 1670 544 1719 vin'
554 1685 612 1732 ergo
624 1670 746 1719 introeam
757 1672 767 1718 ἓ
803 1671 851 1718 La.
864 1672 886 1731 1,
897 1677 970 1731 atque
981 1670 1054 1731 exple

316 1759 425 1809 animum
437 1759 477 1821 iis,
487 1767 515 1809 ut
524 1760 635 1809 credent.

252 1849 301 1896 Bu.
319 1847 375 1910 Eo;
393 1847 439 1896 etsi
458 1847 508 1896 scio
526 1849 566 1912 pol
579 1847 609 1896 iis
622 1848 675 1896 fore
686 1861 769 1896 meum
780 1853 937 1911 conspectum
949 1845 1054 1895 invisum

315 1934 403 1985 nome:
483 1924 485 1931 '

253 2023 317 2070 Nam
330 2030 406 2085 nupta
416 2022 539 2072 meretrici
548 2023 627 2073 hostis
637 2032 686 2083 est,
697 2037 711 2072 a
721 2022 774 2094 viro
785 2022 827 2072 ubi
840 2031 964 2085 segregata
974 2033 1020 2073 eet.

252 2111 299 2158 La.
317 2110 350 2157 Αι
372 2110 412 2157 hoe
434 2110 517 2159 amices
539 2118 622 2171 erunt,
652 2110 704 2172 ubi,
734 2112 894 2173 quamobrem
915 2111 1055 2171 adveneris,

316 2194 455 2245 resciscent.

254 2287 300 2333 Pu.
317 2286 351 2333 Αι
361 2285 458 2335 easdem
478 2285 569 2335 amicos
581 2286 637 2335 fore
649 2287 693 2336 tibi
704 2288 832 2350 promitto,
843 2301 896 2336 rem
908 2286 949 2336 ubi
962 2300 1055 2348 cogno·

318 2372 411 2425 verint:

254 2462 319 2510 Nem
330 2460 385 2510 illas
396 2474 491 2522 errore,
503 2470 529 2511 et
538 2469 561 2510 te
571 2462 647 2512 simul
658 2462 796 2525 suspicione
807 2464 927 2513 exsolves.

253 2551 301 2597 Ba.
319 2548 401 2597 Perii!
429 2550 504 2611 pudet
523 2550 691 2599 Philumene:
716 2550 849 2613 sequimini
865 2566 904 2599 me
921 2552 969 2599 hnc
988 2549 1057 2601 intro

319 2640 405 2687 anubae.

254 2728 301 2773 La.
319 2725 385 2779 Quid
395 2733 433 2774 est
446 2726 512 2788 quod
528 2725 589 2774 mihi
602 2726 697 2785 malim,
712 2740 785 2787 quam
800 2727 866 2788 quod
875 2727 933 2777 huic
943 2726 1057 2789 intelligo

320 2812 435 2875 evenire;

256 2901 290 2948 Ut
301 2900 403 2960 gratiani
415 2899 482 2949 ineat
493 2900 546 2949 sine
557 2916 601 2950 suo
614 2902 753 2965 dispendio,
764 2911 790 2952 et
801 2902 862 2952 mihi
874 2903 972 2967 prosit?

255 2987 320 3035 Nam
330 2986 352 3035 si
361 2994 408 3047 est,
420 2994 447 3037 ut
457 2988 509 3037 hnc
522 3003 586 3038 nunc
599 2989 756 3053 Pamphilum
766 3005 822 3039 vere
832 2992 863 3040 ob
874 3005 900 3039 se
909 2990 1055 3053 segregarit:
