2459 3800
258 480 305 529 324
471 483 497 529 Ρ.
514 480 675 529 TERENTH
693 479 861 528 Puounuo.

462 744 573 794 ACTUS
592 744 639 792 111.
672 743 782 792 SCENA
799 745 845 791 ΙΙΙ.

452 883 589 932 Ριιιιιιιιιι.
622 883 754 930 Αιιτιιιιο.
787 883 871 930 Genu.

253 982 325 1035 Qum
336 981 440 1030 fecium?
458 981 523 1031 unde
542 997 588 1044 ego
604 991 731 1031 nunctum
752 982 834 1031 subite
851 981 909 1031 huic
929 990 1058 1044 argeutum

319 1071 443 1120 inveniam
455 1072 539 1133 miser,

251 1158 298 1208 Cui
309 1159 390 1208 minus
401 1159 480 1209 nihilo
497 1163 554 1210 est?
573 1162 639 1224 quud
657 1162 678 1211 si
696 1151 737 1211 hic
748 1160 869 1224 posuisset
879 1175 946 1210 nnnc
964 1174 1054 1210 exora-

317 1249 367 1298 rier

249 1337 370 1387 Tniduum
380 1339 443 1389 hoc:
462 1339 610 1403 promissum
623 1332 711 1389 iuerat.
743 1340 796 1388 Au.
816 1340 884 1388 itane
895 1339 953 1388 huic
975 1340 1053 1404 petie-

317 1443 382 1490 mur,
395 1430 465 1486 Geta,

252 1516 318 1567 Fieri
329 1518 458 1579 miserum,
479 1519 521 1582 qui
544 1531 584 1567 me
604 1518 708 1578 dudum,
730 1526 759 1567 ut
775 1518 850 1579 dixti,
873 1518 994 1579 adjuverit
1012 1533 1056 1568 ce·

316 1607 408 1656 miter?

249 1696 326 1758 Quin,
344 1712 419 1760 quum
436 1712 497 1760 epus
511 1705 559 1758 est,
580 1697 727 1747 beneficium
738 1711 837 1745 rursum
852 1696 875 1746 ei
898 1696 1054 1761 experiamur

315 1786 438 1835 reddere?

251 1879 294 1928 Ge.
311 1877 368 1929 Scio
380 1877 492 1940 equidem
504 1878 551 1927 hoc
567 1891 622 1927 esse
633 1892 737 1941 aequom.
770 1880 823 1929 An.
838 1880 891 1943 Age
903 1866 972 1942 ergoj
984 1880 1052 1930 solus

313 1981 409 2016 servare
418 1968 484 2016 hunc
496 1976 573 2030 potes.
654 1986 658 1990 ’

249 2058 291 2105 Ge.
309 2055 375 2111 Quid
386 2056 494 2105 inciam?
530 2058 582 2105 An.
601 2057 712 2107 Invenias
719 2065 856 2119 argentum.
892 2061 934 2107 Ge.
953 2057 1048 2122 Cupio:

311 2143 475 2204 sediduude,
488 2145 571 2194 edoce.
739 2195 741 2199 Α

245 2234 296 2283 Au,
314 2236 387 2283 Pater
408 2234 477 2283 adest
498 2234 548 2283 hic.
584 2237 627 2285 Ge.
650 2236 727 2286 Scio:
746 2237 789 2286 sed
808 2235 867 2299 quid
888 2238 961 2286 unm?
997 2238 1051 2286 Au.

298 2313 301 2317 ’
311 2323 362 2383 Ah,
371 2322 463 2372 dietum
475 2322 577 2386 sepienti
588 2331 627 2373 sat
634 2331 680 2373 est.

247 2415 289 2463 Ge.
307 2415 394 2462 itane?
429 2414 481 2462 Au.
499 2416 543 2463 ita.
585 2417 628 2464 Ge.
645 2417 710 2466 sane
731 2415 814 2465 hercle
832 2416 934 2478 pulchre
953 2415 1050 2466 suades.

307 2491 580 2552 nuamtuun'eausu

243 2596 301 2643 Non
313 2592 448 2656 triumpho,
458 2607 490 2642 ex
499 2592 590 2655 nuptiis
600 2591 650 2641 tuis
668 2592 689 2641 si
707 2592 769 2642 nihii
784 2593 914 2644 nanciscor
925 2593 1002 2656 meli3

241 2683 275 2731 Ni
286 2682 359 2731 etiam
378 2695 444 2729 nune
461 2695 500 2729 me
518 2682 592 2741 hujus
604 2694 678 2730 eausa
696 2697 805 2743 quaerere
824 2682 850 2731 in
872 2684 939 2733 malo
956 2684 1045 2744 iubeas

306 2772 423 2820 crucem?

241 2861 293 2909 Au.
311 2861 403 2909 Verum
415 2857 455 2907 hic
470 2857 535 2908 dicit.
569 2861 615 2907 Pu.
636 2857 722 2912 Quid?
741 2873 786 2920 ege
805 2859 884 2920 vobis,
897 2860 969 2921 Geta,
982 2858 1045 2909 alie-

305 2951 438 2998 nusum?
476 2951 518 2998 Ge.
536 2950 603 2998 Haut
614 2956 691 3011 puto:

237 3040 285 3091 Sed
308 3054 425 3103 parumne
443 3048 491 3101 est,
512 3040 576 3102 quod
597 3039 712 3089 omnibus
731 3053 797 3088 nunc
815 3040 886 3089 nobis
915 3048 1046 3090 succenset

309 3140 394 3188 senex,
