2459 3800
241 490 289 538 314
442 488 469 536 P.
484 483 646 536 unanimi}
663 480 831 536 PHOBMIO.

242 630 304 678 'l'en’
316 629 469 693 asymbolum
480 628 574 689 venire,
586 635 689 677 unctum
700 635 772 689 atque
782 627 879 675 lautum
889 623 1017 686 ebalneis,

245 719 359 768 Otiosum
370 717 510 776 abunimo:
528 732 603 780 quum
613 718 656 767 ille
665 725 690 766 et
699 731 759 766 eura
769 723 794 764 et
804 723 887 764 sumtu
898 715 1046 774 absumitur,

245 808 311 855 Dum
321 806 365 855 tibi
374 807 410 855 eit
427 805 491 870 quod
501 806 611 871 placeat:
629 806 673 855 ille
683 806 807 868 mugitui-3
823 813 852 854 tu
862 805 942 854 rideas
951 824 957 855 ι

247 895 318 944 Prior
329 894 408 956 bibas,
419 895 486 957 prior
494 895 626 944 decumbas
639 915 645 943 e
662 909 733 944 coena
743 895 817 944 dubia
828 894 981 958 apponitur?

250 970 297 1032 oe?
310 982 376 1037 Quid
386 983 448 1032 istuc
459 983 527 1034 verbi
539 987 596 1033 ent?
625 986 672 1033 Pb.
689 984 739 1034 Ubi
749 992 778 1033 tu
786 983 893 1043 dubites,
901 982 960 1045 quid
968 994 1051 1030 numae

312 1071 475 1134 potissimum.
571 1083 573 1088 ·

251 1163 308 1210 llam
318 1175 374 1210 cum
384 1161 505 1210 rationem
516 1161 593 1221 ineas,
612 1174 685 1222 quam
697 1161 748 1209 sint
763 1160 857 1220 suavia,
868 1167 894 1208 et
904 1171 978 1220 quam
995 1171 1054 1207 cara

316 1251 385 1312 sint3

251 1342 288 1390 Ea
307 1341 350 1403 qui
371 1341 471 1403 prebet,
494 1353 545 1388 non
561 1346 590 1388 tu
608 1339 676 1388 hunc
694 1338 798 1386 babean‘
813 1337 886 1401 plane
908 1343 1053 1398 presentem

317 1433 415 1482 Deum?
697 1491 702 1502 .

256 1524 298 1570 Ge.
316 1522 397 1570 Senex
414 1519 497 1570 adest:
515 1519 570 1568 vide
588 1517 647 1580 quid
666 1531 738 1579 agas:
757 1516 838 1580 prima
858 1510 967 1564 coitio'st
985 1528 1056 1564 acer-

320 1609 396 1658 rima:

256 1701 282 1751 Si
293 1698 510 1759 eam-sustinueris,
521 1697 621 1761 postilla
628 1698 692 1758 jam,
703 1704 732 1745 ut
741 1697 820 1756 lubet,
831 1692 902 1744 ludas
914 1693 979 1742 licet.

412 1987 415 1992 .
472 1936 584 1985 ACTUS
603 1936 637 1983 11.
670 1935 780 1984 SCENA
798 1935 845 1983 111.

447 2050 584 2097 Dumium.
618 2049 699 2097 Gaul.
733 2050 869 2096 Pnonmio.

210 2186 213 2191 -
259 2154 309 2213 Eu,
321 2165 428 2213 uuquam
440 2150 553 2213 cuiquam
566 2150 770 2200 contumeliosius

258 2240 368 2291 Audistis
379 2240 469 2289 factam
481 2240 607 2301 injuriam,
620 2255 693 2304 quam
704 2241 757 2290 haec
768 2249 806 2291 est
817 2240 879 2290 mihi
890 2242 901 2289 ἓ

259 2332 350 2381 Adeste
360 2344 450 2393 quaeso.
486 2332 529 2380 Ge.
549 2332 628 2379 Iratus
641 2338 686 2380 eat.
718 2334 765 2379 Pb.
783 2330 849 2385 Quin
861 2331 945 2379 tuboe
956 2342 1008 2391 age.
1021 2331 1069 2379 stl'

258 2424 273 2472 l
277 2436 316 2471 am
327 2435 372 2482 ego
383 2421 448 2469 hunc
462 2420 566 2481 agitabo.
600 2422 650 2469 Pro
661 2422 742 2469 Deum
753 2420 928 2469 immortalium
939 2422 946 2467 l

260 2513 341 2573 Negat
351 2510 473 2560 Phanium
485 2524 539 2560 esse
550 2512 614 2560 banc
626 2511 671 2559 sibi
684 2519 812 2571 cognatam
821 2510 963 2573 Demipho?

143 2626 148 2641 ·
167 2622 168 2625 ¹
261 2604 330 2651 Hanc
341 2601 463 2664 Demipho
472 2608 545 2661 negat
552 2614 605 2649 esse
615 2602 764 2661 cognatam?
803 2601 847 2649 Ge.
863 2600 950 2661 Negat

260 2691 308 2742 De.
326 2693 408 2754 lpsum
419 2706 472 2740 esse
483 2690 583 2754 opinor,
595 2690 685 2752 dequo
697 2691 815 2751 agebam:
834 2688 983 2752 sequimini-1

260 2783 306 2829 Pb.
325 2768 474 2842 Neque‘ejus
485 2786 579 2842 patrem
591 2794 618 2827 se
629 2778 691 2827 scire
702 2779 744 2840 qui
755 2778 850 2827 merit?
888 2779 932 2826 Ge.
950 2778 1040 2839 Negat.

261 2870 309 2915 Pb.
326 2870 378 2916 Nec
390 2867 545 2931 Stilphonem
564 2866 644 2929 ipsum
656 2866 719 2916 scire
730 2865 878 2929 qui'fuerit?
902 2854 959 2915 Ge.
977 2867 1067 2927 Negat.

262 2960 310 3006 Ple.
327 2957 392 3012 Quia
402 2972 475 3018 egens
487 2957 572 3005 relicta
584 2965 621 3006 est
631 2957 732 3017 misera,
743 2957 869 3017 ignoratur
877 2970 974 3019 parens,

262 3046 399 3108 Negligitur
412 3047 480 3109 ipsa:
499 3047 565 3107 vide,
580 3047 683 3096 avaritia
694 3045 754 3108 qnid
762 3045 829 3094 facit

268 3137 310 3185 Ge.
329 3136 356 3184 Si
365 3136 453 3185 herum
465 3136 622 3185 insimulabis
632 3136 749 3198 avaritiae,
760 3136 827 3184 male
838 3134 930 3184 audies.

1211 2011 1215 2046 ¹

1212 2301 1215 2440 l
