2459 3800
419 461 530 510 ACTUS
546 463 577 511 V.
610 463 721 511 SCENA
739 465 784 512 lll.
945 465 994 523 337

191 601 248 650 Nisi
257 602 383 666 prospicis.
396 604 469 652 Nunc
480 603 537 652 hinc
548 604 649 653 domum
663 604 724 668 ibo;
747 619 776 654 ae
790 585 911 654 Phanium
931 604 991 654 edo·

255 692 327 752 cebo,

192 782 230 830 Ne
243 779 301 842 quid
312 788 422 830 vereatur
435 781 621 842 Phormionem,
631 789 675 831 aut
687 784 741 843 ejue
750 782 896 831 orationem.

414 1069 525 1120 ACTUS
540 1070 568 1117 V.
602 1069 712 1118 SCENA
727 1071 775 1118 ΙΙΙ.

329 1181 464 1229 Demtrflo.
497 1183 685 1229 Nnumsmn.
719 1180 859 1229 Canutius.

191 1281 319 1341 Acunum,
330 1288 359 1330 ut
369 1281 444 1340 solea,
457 1280 622 1340 Nausistrata,
634 1281 672 1328 fac
684 1280 728 1327 illa
743 1288 771 1327 ut
783 1281 892 1341 placetur
904 1280 990 1328 nobie:

191 1369 226 1417 Ut
236 1382 280 1418 ena
292 1369 427 1428 vuluntate,
439 1368 465 1416 id
473 1369 538 1429 quod
550 1375 588 1416 est
598 1367 750 1426 faciundum,
761 1367 841 1414 iaciat.
874 1368 926 1416 Na.
944 1369 990 1415 Fa·

256 1458 328 1506 ciam.
698 1448 700 1453 ’

191 1549 239 1594 De.
257 1546 351 1594 Pariter
368 1559 434 1593 nunc
445 1558 519 1606 opera
538 1558 578 1592 me
590 1543 699 1603 adJuves,
722 1557 750 1590 ac
761 1542 853 1590 dudum
864 1557 891 1590 re
907 1542 989 1604 opitu·

255 1633 305 1680 lata
314 1646 349 1680 es.

191 1723 241 1769 Na.
260 1723 360 1770 Factum
372 1720 444 1767 volo:
463 1730 488 1767 at
500 1721 541 1782 pol
551 1719 632 1767 minus
643 1733 707 1781 queo
716 1718 761 1767 viri
771 1719 852 1782 culpa,
865 1734 938 1782 quam
949 1735 989 1768 me

256 1808 397 1870 dignum'st.

189 1902 238 1947 De.
255 1897 321 1952 Quid
331 1900 433 1945 autem?
469 1900 520 1947 No.
539 1897 603 1952 Quia
624 1900 665 1961 pol
686 1898 734 1947 mei
750 1900 826 1962 patris
835 1902 898 1949 bene
916 1908 984 1964 parta

256 1986 410 2047 indiligenter

191 2078 310 2125 Tutatur:
328 2090 384 2124 nam
395 2090 426 2126 ex
435 2075 474 2124 his
485 2076 582 2138 praediis
593 2077 687 2126 talenta
697 2078 790 2139 argenti
802 2078 860 2127 bina

189 2166 276 2215 Statim
288 2164 413 2227 capiebat:
428 2164 496 2225 hem,
504 2166 541 2213 vir
552 2164 605 2213 viro
617 2165 675 2226 quid
685 2170 802 2228 praeetat!
836 2170 884 2215 De.
901 2166 990 2216 Binan’

254 2256 354 2314 quaeso?

188 2343 239 2391 Na.
255 2346 292 2390 Ac
302 2342 374 2391 rebus
386 2327 512 2391 ¹vilioribus
530 2342 620 2401 multo,
633 2348 716 2391 nmen
734 2343 828 2391 talenta
839 2343 904 2391 bina.
937 2346 985 2391 De.

254 2430 321 2478 Hui!

190 2519 240 2567 Na.
258 2516 323 2571 Quid
341 2517 393 2565 haec
410 2517 545 2567 videntur?
581 2521 630 2566 Dc.
647 2517 752 2567 Scilicet.
785 2521 835 2567 Na.
852 2519 939 2567 Virum
949 2533 988 2566 me

254 2612 336 2653 natam
347 2606 452 2654 vellem!

189 2693 414 2755 Egoostenderem.
445 2697 493 2742 De.
512 2696 586 2743 Certo
596 2694 657 2743 acio·
689 2696 741 2742 No.
758 2697 813 2748 Quo
824 2701 904 2757 pacto.
939 2698 989 2743 De.

256 2785 332 2830 Parce
345 2782 429 2841 sodes,

192 2872 314 2933 Utpossie
326 2886 382 2919 cum
395 2871 453 2920 illa:
472 2886 502 2919 ne
514 2878 538 2919 te
549 2872 691 2921 adolescens
702 2872 791 2920 mulier
800 2870 923 2932 defetigct.

190 2960 241 3009 Na.
258 2961 365 3020 Faciam,
374 2968 402 3008 ut
408 2961 494 3021 jubes:
513 2962 555 3010 sed
568 2976 650 3011 meum
661 2963 741 3011 virum
750 2964 793 3012 aba
801 2961 900 3012 teexire
909 2961 987 3010 video.

256 3049 299 3096 cu.
317 3051 391 3108 Hem,
403 3050 534 3113 Demipho,

581 3154 594 3185 z
