2459 3800
417 449 530 506 ACTUS
546 453 576 504 V.
619 448 728 505 SCENA
746 450 778 503 11.
954 455 1000 505 1⁰7

201 596 246 647 aa.
262 600 287 647 N
289 612 330 647 om
342 612 424 648 meam
436 599 553 649 saevitiam
561 599 671 649 veritos?
707 600 751 649 Ol.
769 601 835 649 Nou.
870 600 917 648 ΤΙι.
934 586 1000 655 Quid

260 686 357 747 igitor?
370 718 374 721 -

198 776 242 825 Ol.
259 777 330 826 Hanc
340 775 427 838 metui,
438 792 470 826 ue
481 792 523 827 me
534 778 708 828 criminaretur
718 777 772 828 tibi.

199 867 245 915 ΤΙι.
263 866 330 920 Quid
347 867 461 924 ieceras?
508 868 551 916 Ch.
570 868 702 916 Paululum
720 866 844 929 quiddam.
884 868 929 915 Ta
946 866 1002 914 Ello

189 994 194 1003 .
260 955 398 1019 paululum,
409 954 557 1019 impudens?
869 952 871 959 '

195 1044 236 1091 An
247 1045 347 1106 paulum
358 1045 406 1092 hoc
416 1057 471 1093 esse
480 1043 525 1093 tibi
533 1043 640 1104 videtur,
651 1043 770 1105 virginem
805 1074 807 1079 ,

195 1133 289 1183 Vitiare
298 1133 395 1183 civem?
431 1135 475 1184 cl.
493 1135 642 1183 Conservam
655 1148 708 1183 esse
718 1133 819 1183 credidi.

196 1227 243 1287 Pp.
262 1226 410 1275 Conservam
423 1227 433 1272 ἓ
443 1224 494 1272 -vix
505 1222 544 1273 me'
556 1224 683 1284 contineo,
694 1224 754 1286 quin
766 1224 873 1272 involem
885 1222 911 1271 in

198 1312 334 1377 Capillum:
353 1321 510 1376 monstrum
527 1314 602 1363 etiam
612 1315 680 1362 ultro
693 1312 800 1362 derisum
812 1313 924 1365 advenit„

199 1404 245 1452 Th.
261 1403 336 1452 Abio’
347 1402 417 1463 hinc,
426 1402 533 1451 insana?
569 1406 616 1465 Pp.
635 1402 701 1458 Qoid
710 1400 746 1451 ita
756 1416 814 1450 vero
825 1402 909 1451 abeam
922 1403 933 1449 ἓ

197 1492 279 1543 Credo
290 1491 331 1541 isti
340 1492 469 1554 quicquam
481 1491 610 1552 furcifero,
622 1492 642 1541 si
654 1492 680 1539 id
691 1490 806 1539 fecerim:
909 1514 913 1523 ι

194 1580 333 1631 Ριιιιειιίιιι
343 1596 399 1631 cum
411 1596 438 1630 se
449 1595 546 1630 serrum
557 1582 665 1630 fateatur
675 1589 754 1630 tuum.

194 1674 241 1722 ΤΙι.
257 1672 337 1723 Missa
345 1673 398 1721 haec
410 1671 535 1721 faciamus.
557 1674 615 1719 Nou
627 1679 651 1719 te
662 1670 775 1731 dignum,
788 1670 901 1729 Chaerea‚

196 1761 298 1825 Fecisti3
313 1776 371 1810 nam
382 1761 404 1811 si
414 1776 459 1823 ego
470 1762 545 1823 digna
554 1761 601 1809 hac
610 1760 761 1809 contumelia
864 1784 869 1793 ‹=

196 1853 258 1902 Sum
269 1866 394 1914 maxume,
407 1859 432 1902 at
441 1859 470 1901 tu
480 1850 596 1913 indignos
608 1850 650 1914 qui
662 1851 754 1900 faceres
765 1857 858 1898 umeri.

196 1945 282 2006 Neque
292 1942 398 2006 aedepol‚
409 1942 469 2005 qoid
480 1956 545 1991 nunc
556 1941 655 1990 consilli
666 1940 773 2003 capiam,
784 1939 836 1988 scio

196 2035 234 2083 De
244 2032 337 2095 virgine
346 2031 422 2081 istac:
440 2032 476 2080 ita
485 2030 638 2080 conturbasti
650 2029 711 2078 mihi

196 2121 313 2172 Rationes
321 2134 426 2170 omnes:
442 2128 471 2169 ut
480 2133 536 2168 eam
548 2134 598 2168 non
609 2117 701 2181 possim
713 2117 775 2178 suis,

194 2213 234 2260 Ita
243 2217 272 2259 ut
279 2223 375 2271 [equom
388 2209 477 2269 iuerat,
489 2216 561 2270 atque
572 2214 600 2256 ut
609 2205 703 2266 studui,
714 2205 827 2255 traderer
866 2227 871 2238 =

194 2301 232 2351 Ut
241 2297 347 2349 solidam
358 2310 470 2360 parerem
481 2296 529 2345 hoe
541 2295 604 2343 mihi
614 2294 771 2355 beneficium,
784 2293 893 2343 Chaerea.

197 2391 240 2440 Ch.
256 2391 291 2439 At
301 2403 367 2438 nunc
378 2387 466 2437 dehinc
476 2401 547 2450 spero
558 2394 675 2435 aeternam
687 2383 751 2432 inter
762 2397 807 2432 nos
819 2381 922 2444 gratiam

191 2481 270 2540 Fore,
279 2477 373 2528 Thais:
390 2491 455 2540 sepe
464 2475 648 2537 exhujusmodi
659 2487 685 2523 re
697 2472 821 2536 quapiam,
832 2480 858 2522 et
900 2491 902 2500 ’

194 2570 264 2619 Malo
275 2567 395 2633 principio
406 2580 496 2628 magna
505 2564 661 2614 familiaritas

196 2660 341 2711 Conflata’st
351 2680 357 2708 z
375 2657 435 2721 quid
445 2656 467 2706 si
477 2657 526 2706 hoc
536 2655 659 2719 quispiam
670 2652 749 2703 voluit
759 2654 847 2702 Deus?

199 2753 244 2800 Ta.
261 2749 382 2812 Equidem
393 2747 436 2810 pol
445 2746 473 2795 in
480 2753 643 2810 campartem
655 2742 805 2806 accipioque,
815 2749 840 2790 et
852 2740 917 2792 volo.

198 2842 241 2891 Gla.
259 2842 312 2889 lmo
324 2839 358 2889 ita
368 2851 459 2900 quaeso.
476 2839 562 2886 Unum
572 2835 620 2882 hoc
631 2833 707 2882 scito:
725 2829 882 2880 contumelia

198 2933 256 2980 Nou
267 2943 308 2978 me
319 2927 407 2978 fecisse
416 2939 501 2986 causa,
511 2924 554 2973 sed
565 2922 672 2973 amoris·
700 2922 746 2969 ΤΙι.
764 2919 829 2970 Scio.
858 2955 864 2964 .

197 3021 230 3070 Et
240 3021 281 3083 pol
292 3025 422 3082 propterea
433 3013 509 3076 magis
520 3027 586 3062 nunc
597 3012 696 3073 ignosco
707 3009 761 3058 tibi.

199 3113 257 3161 Non
267 3110 328 3160 adeo
339 3094 480 3158 mhomaoo‘
487 3103 586 3168 ingenio
597 3116 663 3164 sum,
676 3101 790 3162 chorea,
