2459 3800
411 489 524 556 ierus
540 491 586 540 111.
621 489 729 541 sonim
741 491 763 542 1.
943 469 990 540 iri

182 637 251 684 'ium
261 641 365 685 matrem
376 647 410 684 ex
420 649 451 684 ea
460 650 489 685 re
501 651 541 685 me
550 643 594 686 aut
603 650 709 686 uxorem
720 635 826 699 inculpa
835 633 992 685 inventurum

249 724 372 775 arbitror:
397 727 399 733 '

182 816 257 872 Quod
268 830 345 880 quum
362 817 397 865 ita
413 831 467 866 esse
478 816 606 878 invenero,
625 817 684 881 quid
702 824 788 878 restat,
806 816 854 866 nisi
873 830 947 881 porro
964 807 993 866 u't

250 905 309 954 iiam
320 905 416 954 miser?
988 973 990 978 Ι

183 996 250 1044 Nam
264 987 350 1044 mat'ris
362 995 427 1044 ferre
436 993 541 1056 injurias
552 1009 603 1057 me,
613 997 746 1057 Parmeno,
758 995 836 1060 pietas
844 997 930 1057 jubet:

181 1086 249 1134 Tum
265 1084 339 1134 uxori
356 1085 479 1134 obnoxius
490 1099 564 1135 sum:
582 1085 618 1134 ita
637 1085 696 1134 oiim
715 1100 759 1135 suo
771 1101 812 1135 me
822 1085 921 1148 ingenio
934 1099 989 1149 per-

247 1174 323 1225 tulit:

180 1266 232 1314 Tot
242 1277 309 1313 meas
320 1263 440 1328 injnrias3
458 1279 513 1327 quae
525 1278 651 1326 nunquam
664 1264 691 1324 in
703 1266 754 1314 ullo
767 1265 881 1328 patefecit
891 1267 955 1314 loco.

182 1355 231 1404 Sed
242 1369 359 1416 magnum
370 1355 454 1404 neseio
466 1353 525 1417 quid
537 1369 637 1404 necesse
649 1362 688 1404 est
698 1354 817 1414 evenisse,
830 1355 962 1416 Parmeno,

182 1443 257 1495 Unde
267 1441 306 1493 ira
316 1444 381 1493 inter
391 1458 432 1492 eas
444 1443 594 1504 intercessit,
603 1459 657 1506 qua
669 1450 720 1492 tam
730 1443 865 1505 permansit
874 1443 924 1492 diu.

182 1535 242 1582 Par.
260 1533 328 1581 Haut
338 1531 437 1594 quidem
448 1533 532 1582 hercle
547 1545 660 1595 parvom,
672 1531 739 1582 siris
750 1546 808 1581 vero
820 1545 903 1581 veram
914 1533 990 1583 ratio·

248 1635 307 1672 nem
317 1621 427 1684 exsequi.

183 1713 241 1760 Non
253 1725 392 1773 maxumas,
404 1727 458 1774 quae
469 1727 593 1762 maxume
602 1720 662 1762 suut
673 1711 796 1761 interdum
806 1710 860 1774 irae,
871 1711 974 1774 injurias
1047 1716 1048 1722 ’

183 1801 304 1852 Faciunt:
322 1815 380 1852 nam
400 1817 465 1866 sape
483 1810 531 1863 est,
551 1801 640 1864 quibus
659 1801 685 1850 in
706 1802 778 1852 rebus
799 1801 861 1852 aiius
872 1789 991 1854 miratus

249 1891 348 1955 quidem
359 1900 407 1954 est,

184 1984 267 2037 Quum
278 1982 309 2032 de
320 1982 405 2033 eadem
416 1996 491 2031 carna
500 1989 538 2032 eat
548 1982 681 2032 iracundus
692 1984 770 2033 iactus
782 1982 974 2035 inimicissimus.

183 2071 257 2120 Pueri
269 2072 332 2121 inter
343 2086 396 2121 sese
407 2086 481 2135 quarn
492 2086 537 2135 pro
549 2072 644 2122 levibus
655 2072 736 2122 noxiis
749 2073 798 2122 iras
810 2076 915 2135 gerunt!

182 2164 358 2226 Quapropter?
377 2162 436 2225 quia
453 2161 532 2222 enim,
552 2162 594 2224 qui
613 2176 656 2212 eus
667 2164 787 2224 gubernat
797 2163 906 2225 animus,
918 2162 990 2213 intir-

248 2267 316 2301 mum
327 2259 423 2314 gerunt.

183 2341 272 2391 Itidem
283 2342 334 2391 ille
344 2340 541 2402 mulieressunt,
553 2342 631 2390 ferme
644 2349 671 2391 ut
682 2342 762 2403 pueri,
771 2341 820 2390 levi
833 2342 971 2393 sententia:

183 2431 298 2479 Fortasse
314 2445 392 2479 unum
403 2429 504 2493 aliquod
515 2431 618 2479 verbum
628 2429 693 2479 inter
705 2441 746 2478 eas
757 2428 821 2477 iram
831 2430 896 2477 hanc
905 2430 991 2479 couci·

247 2520 319 2569 verit.
919 2564 921 2567 .

184 2612 256 2659 Pam.
272 2608 331 2670 Abi,
347 2610 482 2668 Parmeno,
498 2607 578 2667 intro,
597 2620 627 2655 ac
639 2620 679 2655 me
690 2604 786 2655 venisse
797 2604 897 2655 nuncia.
931 2608 991 2655 Pur.

249 2699 324 2765 Hem,
333 2696 393 2759 quid
402 2696 450 2745 hoc
461 2703 500 2746 est
511 2699 521 2745 ἓ
556 2699 628 2745 Puer.
645 2698 724 2745 Tace:

182 2784 311 2849 Trepidari
322 2785 413 2846 sentio,
432 2792 459 2835 et
468 2784 563 2834 cursari
574 2798 674 2834 rursum
691 2798 813 2847 prorsum.
846 2786 907 2833 Pur.
923 2784 989 2843 Age-

216 2860 232 2875 *
248 2875 318 2937 dum,
331 2876 440 2926 adfores

185 2964 280 3013 Aeoede
299 2965 408 3029 propium.
426 2963 662 3026 Hem,sensistin’?
709 2966 782 3013 Pam.
808 2963 867 3013 Noii
888 2963 988 3013 fabula·

251 3067 300 3103 ner
310 3071 325 3103 =¹
