2459 3800
407 482 519 532 ACTUS
530 483 576 532 111.
613 482 723 531 SCENA
741 481 786 530 111.
948 481 996 530 209

194 617 236 676 Sy.
254 616 312 664 Non
324 622 352 665 tu
363 617 413 666 hac
421 626 550 678 argentum
562 618 655 681 perdis,
667 619 710 668 sed
721 618 796 667 vitam
807 624 884 666 tuam.

194 705 243 754 Da.
260 706 345 754 Salvos
364 707 412 756 sit:
431 721 513 770 spero,
531 715 568 757 eat
587 706 675 756 similis
696 709 820 768 majorum
840 720 919 755 auum.
955 707 997 766 Sy.

261 794 327 844 nun
869 783 870 790 ’

195 885 243 933 De.
260 885 330 946 Syre,
341 892 518 947 preceptorum
528 886 616 946 plenus
625 885 729 934 istorum
740 885 793 933 ille.
827 886 868 944 Sy.
886 883 938 944 Phy
950 886 956 930 !

196 972 271 1022 Domi
281 973 366 1022 habuit
377 974 442 1022 unde
452 975 562 1024 disceret
591 977 640 1023 Da.
652 974 691 1024 Fit
703 974 803 1023 sedulo:

197 1061 245 1110 Nih
253 1061 428 1123 praetermitto:
446 1063 617 1111 consuefacioz
635 1063 750 1124 denique,

197 1148 330 1211 lmpicere,
342 1157 460 1212 tanquam
471 1150 496 1198 in
508 1151 644 1212 speculum,
656 1149 682 1198 in
695 1151 754 1198 vitas
767 1149 878 1198 omnium

196 1237 278 1285 subeo
289 1258 295 1286 :
313 1245 386 1299 atque
396 1251 428 1286 ax
440 1237 495 1286 aliis
506 1252 602 1286 sumere
613 1239 755 1300 exemplum
768 1237 829 1286 sibi:

199 1325 346 1375 Hocfaaito.
379 1328 420 1387 Sy.
438 1329 512 1375 Recte
524 1341 591 1375 sane.
624 1329 672 1374 De.
691 1327 744 1374 Hoc
763 1325 849 1386 fugito.
884 1325 963 1386 ΒΜ)

262 1414 320 1462 lide.
433 1413 436 1418 '

197 1503 246 1550 De.
263 1503 317 1551 Hoc
327 1501 394 1550 laudi
406 1510 451 1550 eat.
485 1504 527 1564 Sy.
545 1502 614 1551 Istaec
624 1515 664 1550 res
675 1509 719 1550 est.
754 1503 802 1550 De.
820 1501 874 1548 Hoc
887 1498 1001 1548 vitioda·

264 1598 313 1639 tur·

199 1679 242 1739 Sy.
267 1677 424 1727 Probisaime.
468 1680 516 1726 De.
540 1679 618 1727 Porro
641 1684 737 1727 autem..
773 1678 815 1737 Sy.
840 1677 896 1724 Non
920 1674 1003 1723 hercle

263 1767 376 1817 otium'at

200 1857 273 1905 Nunc
284 1856 347 1905 mihi
357 1846 524 1906 auscultandi}
543 1853 616 1919 piscis
629 1869 660 1905 ex
673 1853 796 1905 sententia

199 1947 292 1995 Nactus
303 1959 358 1994 sum
369 1966 375 1995 ι
393 1944 420 1992 hi
431 1944 494 1993 mihi
505 1958 536 1993 ne
547 1952 751 2007 corrumpantur,
763 1942 885 1993 cautio’st.

199 2034 264 2081 Nam
274 2032 300 2081 id
311 2032 382 2081 nabis
392 2012 444 2081 tam
455 2031 615 2094 flagitium’st,
627 2046 699 2095 quam
707 2033 761 2093 illa,
772 2034 874 2092 Demea,

199 2123 257 2170 Non
269 2122 350 2171 facere
360 2121 439 2182 vobis,
451 2136 505 2183 qum
517 2122 590 2171 modo
601 2121 679 2171 dixti:
698 2130 723 2171 et
739 2121 890 2183 quodquam,

202 2210 334 2260 conservis
345 2210 376 2258 ad
386 2210 493 2258 eundem
505 2210 585 2259 istunc
596 2209 711 2272 praecipio
723 2210 840 2259 modum:

200 2300 255 2346 Hoc
266 2298 402 2359 salsum’st,
413 2298 461 2347 hoc
471 2298 627 2358 aduatnm'st,
640 2298 685 2346 hoc
697 2299 824 2346 lautum'st
834 2309 919 2359 parum
932 2315 938 2343 :

201 2386 267 2435 Illud
276 2393 358 2434 recte:
376 2386 466 2433 iterum
482 2386 517 2434 sic
530 2392 672 2433 memento:
691 2384 775 2433 sedulo

201 2477 305 2536 Moneo,
317 2490 370 2537 quae
382 2489 481 2537 possum
492 2489 537 2537 pro
549 2488 604 2523 mea
612 2472 740 2535 sapientia.

202 2564 342 2622 Postremo,
355 2571 472 2624 tanquam
485 2562 510 2609 in
521 2563 659 2623 speculum,
671 2560 697 2607 in
712 2558 818 2621 patinas,
829 2560 932 2618 Demea,

202 2650 326 2711 Inspicere
333 2652 421 2710 Jube0‚
433 2658 459 2697 et
469 2664 559 2698 moneo
570 2650 630 2711 quid
642 2649 706 2697 sacto
719 2662 775 2697 usus
787 2647 828 2697 sit.

203 2737 290 2799 Inepta
299 2737 351 2784 haec
361 2749 424 2796 esse,
437 2750 482 2785 nos
493 2751 546 2798 quae
559 2736 671 2793 facimus,
682 2736 762 2785 sentio
772 2754 778 2783 ε
872 2756 874 2761 ’

203 2826 296 2872 Verum
307 2824 366 2887 quid
377 2824 471 2873 facias?
490 2833 518 2873 ut
529 2826 648 2886 homo'at,
660 2826 695 2875 ita
707 2838 802 2873 morem
813 2837 890 2885 geras.

203 2913 330 2975 Numquid
339 2914 394 2963 via?
429 2916 478 2963 De.
495 2916 605 2963 Mentem
617 2914 685 2963 vobis
697 2913 825 2962 meliorem
837 2911 901 2962 dari.

204 3004 247 3063 Sy.
263 3004 303 3050 Tu
313 3018 356 3052 rus
366 3004 425 3052 hinc
434 3002 501 3053 ibia?
536 3007 585 3053 De.
602 3006 685 3055 Reate·
718 3006 759 3065 Sy.
776 3004 840 3052 Nam
851 3001 910 3065 quid
921 3008 948 3049 tu
960 2999 999 3047 hic

271 3103 337 3151 ³8³⁸,

602 3194 617 3227 P
