2459 3800
243 519 292 568 332
453 519 481 567 Ρ.
497 519 659 568 TERENTII
676 517 846 568 PHORMIO.

236 683 237 686 ¹
247 655 359 719 Spatium
372 656 469 720 quidem
481 657 580 706 tandem
592 656 738 720 apparandis
749 656 852 720 nuptiis,

246 746 367 806 Vocaudi,
379 745 532 795 sacrificandi
541 746 640 795 dabitur
649 747 785 810 paululum.

247 836 344 884 Interea
356 835 438 894 amici,
448 835 513 896 qnod
525 835 629 898 polliciti
640 843 709 896 sunt,
719 835 829 885 dabunt:

248 922 276 970 ld
287 921 340 972 istis
358 923 450 972 reddet.
483 926 536 973 Aa.
553 926 740 980 Quamobrem?
761 932 803 974 ant
819 923 877 987 qnid
887 923 970 973 dicet?
1009 925 1055 972 Ge.

316 999 446 1072 Rogasl'

249 1100 316 1152 Quot
327 1113 366 1148 res
376 1101 385 1148 i
406 1099 509 1148 Postilla
521 1110 632 1151 monstra
642 1109 776 1151 evenerunt
787 1102 849 1150 mihi
859 1122 865 1151 ε

250 1189 349 1238 introiit
359 1190 385 1238 in
397 1190 455 1240 aedls
468 1199 520 1240 atcr
531 1191 627 1240 alienus
638 1186 708 1240 canis
719 1211 725 1240 ε

249 1279 344 1340 Anguis
356 1294 399 1342 per
409 1279 555 1343 impluvium
565 1280 655 1329 decidit
666 1280 696 1329 dc
708 1281 796 1342 tegulis
807 1301 814 1330 r

249 1369 349 1417 Gallina
358 1369 463 1419 cecinit:
481 1370 609 1418 interdixit
619 1369 729 1418 hariolus
739 1387 746 1418 ε

250 1460 364 1522 Aruspex
374 1459 460 1518 vetnit,
470 1468 527 1506 ante
539 1459 653 1508 brumum
665 1459 758 1520 aliquid
769 1457 826 1507 novi

252 1547 352 1608 Negotii
362 1547 479 1610 incipere,
491 1563 545 1610 quae
556 1550 663 1598 cansa’st
668 1547 813 1610 justissima.

254 1636 393 1684 Haecfient.
426 1637 478 1684 Aa.
496 1638 532 1686 Ut
542 1636 616 1685 modo
634 1637 702 1685 fiant.
737 1637 780 1685 Ge.
797 1634 884 1684 Fient:
903 1634 1016 1684 menide.

253 1726 324 1774 Pater
335 1726 401 1776 exit:
420 1727 470 1788 abi,
479 1727 518 1776 dic
530 1741 583 1776 esse
593 1735 721 1788 argentum
734 1726 860 1775 Phaedriae.

476 1962 587 2011 ACTUS
605 1962 648 2009 lV.
682 1961 792 2010 SCENA
808 1960 838 2007 V.

443 2075 581 2122 Dnurruo.
614 2075 696 2123 Gari.
730 2075 869 2122 cunam.

254 2175 373 2227 Quintus
390 2179 453 2232 esto,
477 2172 593 2233 inquam:
610 2189 657 2236 ego
679 2175 781 2234 curabo,
798 2190 830 2223 ne
849 2174 907 2237 quld
925 2176 1059 2223 vorborum

320 2259 386 2310 duit:

256 2350 310 2397 Hoc
322 2357 414 2399 temere
426 2365 552 2414 nunquam
568 2353 681 2403 amittam
691 2368 735 2415 ego
745 2367 819 2414 amc,
837 2353 897 2415 quin
907 2352 969 2402 mihi
988 2352 1059 2402 tastis

318 2438 464 2489 adhibeam:

254 2528 301 2577 Cui
316 2530 383 2590 dem,
404 2538 429 2580 et
447 2532 606 2592 quamobrem
622 2532 690 2591 dem,
709 2534 918 2583 commemorabo·
960 2533 1003 2581 Ge.
1021 2533 1058 2581 Ut

320 2627 405 2669 cantus
417 2628 463 2680 est,
477 2620 518 2669 ubi
531 2620 593 2669 nihil
604 2622 714 2683 opns’st!

256 2711 298 2759 Clu
315 2712 396 2772 Atque
408 2711 442 2759 ita
447 2726 509 2774 opus
518 2712 583 2761 iacto
594 2721 632 2762 est
645 2729 650 2757 :
661 2719 687 2761 at
698 2720 804 2774 maturo,
821 2713 879 2763 dum
889 2713 966 2763 libido
972 2712 1059 2761 codem

319 2800 483 2850 haecmanct:

255 2889 319 2935 Nam
329 2888 349 2937 si
358 2890 435 2937 altera
447 2889 510 2939 illaec
522 2891 599 2952 inagis
611 2890 723 2952 instabit,
736 2892 838 2942 forsitan
851 2906 896 2941 noc
907 2891 1010 2953 rejiciat·

256 2978 298 3025 Oe.
317 2979 377 3025 Rem
389 2978 466 3041 ipsam
477 2979 576 3042 putasti.
608 2982 657 3030 De.
673 2982 727 3030 Duc
739 2996 779 3030 mc
795 2981 827 3031 ad
838 2996 895 3031 cnm
911 2995 978 3042 ergo.
1014 2982 1059 3029 Ge.

322 3068 483 3118 Nonmoror.
520 3070 562 3130 Clu
580 3070 631 3119 Ubi
642 3071 690 3119 hoc
698 3069 786 3131 egeris,

255 3155 372 3205 Transito
381 3157 410 3206 ad
422 3173 524 3208 uxorem
536 3175 629 3224 meam,
639 3170 668 3212 nt
678 3162 807 3213 conveniat
818 3163 883 3213 hanc
893 3160 972 3225 prius,
985 3174 1059 3223 quam

320 3245 377 3295 hinc
390 3248 476 3297 abeat:
