2459 3800
407 476 520 527 Ac'rus
537 476 582 525 lll.
615 474 726 526 SCENA
742 474 773 526 V.
959 478 988 527 91

189 616 245 669 Quo
256 621 327 677 pacto
345 615 436 663 Danaa
452 612 548 663 misisse
561 613 632 663 aiunt
641 612 765 675 quondum
773 612 799 661 i'n
809 612 929 674 gremium
940 614 988 662 im·

252 703 322 752 brem
333 716 445 751 aureum.

187 792 291 853 Egomet
308 807 405 856 quoquc
423 793 450 842 id
460 799 568 855 spectare
578 792 660 856 coepi3
680 799 706 841 et
715 791 773 854 quia
783 790 937 841 consimilem
950 792 989 841 lu·
1002 785 1005 789 ’

252 889 319 931 serat

187 970 318 1019 Jamolim
334 970 378 1019 ille
396 970 494 1031 ludum,
513 969 638 1033 impendio
657 970 734 1032 magis
753 970 851 1020 animus
868 969 989 1032 gaudebat

249 1058 322 1120 mihi,
973 1064 986 1101 ⁰

185 1148 265 1196 Deum
276 1162 330 1197 sese
347 1147 374 1196 in
391 1148 519 1198 hominem
533 1148 693 1209 convertisse,
711 1157 783 1212 atque
800 1148 827 1198 in
846 1150 938 1199 alienas
950 1157 989 1199 te·

251 1240 320 1300 gulas
355 1276 358 1280 ν

186 1326 290 1377 Venisse
314 1328 454 1378 clanculum
472 1342 517 1391 per
538 1328 695 1392 impluvium,
718 1330 801 1378 sucum
821 1329 914 1377 factum
933 1343 990 1377 mu·

195 1440 198 1445 -
250 1416 315 1466 lieri.

185 1506 221 1554 At
231 1520 304 1568 quem
312 1508 393 1556 mum
404 1509 414 1555 ἓ
433 1506 475 1569 qui
486 1508 579 1571 templa
588 1507 645 1556 coeli
656 1520 752 1557 summa
762 1506 845 1556 sonitu
857 1508 973 1556 concutit.

185 1596 238 1658 ligo
248 1596 383 1646 homuncio
399 1596 448 1644 hoc
459 1610 511 1645 non
528 1597 655 1646 facerem?
676 1610 720 1658 ego
739 1595 802 1645 illud
814 1609 872 1644 vero
887 1595 990 1655 itatem,

252 1699 281 1734 ac
289 1686 385 1735 lubens.

187 1776 252 1823 Dum
262 1775 314 1824 haec
326 1789 422 1823 mecum
433 1781 531 1837 reputo,
543 1774 674 1824 arcessitur
685 1775 791 1823 lavatum
801 1774 896 1823 interea
907 1773 989 1836 virgo:

186 1864 219 1924 lt,
232 1863 301 1924 lavit,
312 1864 377 1914 redit
387 1882 393 1913 ε
410 1862 500 1914 deinde
511 1878 566 1914 eam
576 1862 603 1912 in
614 1863 707 1922 lectum
719 1862 769 1912 illae
779 1863 941 1913 collocarunt.

187 1955 232 2003 Sto
242 1963 398 2018 exspectans,
410 1954 431 2004 si
441 1954 500 2017 quid
509 1953 570 2002 mihi
578 1953 707 2016 impetent.
718 1953 793 2003 Venit
801 1966 861 2015 una,
874 1955 940 2002 Heus
951 1959 978 2002 tu

251 2046 342 2110 inquit,
353 2048 429 2108 Dore,

187 2136 252 2201 Cape
263 2135 310 2185 hoc
322 2135 459 2196 nobellum,
479 2135 608 2184 ventulum
626 2133 685 2183 huic
703 2134 737 2183 sic
749 2133 835 2193 facito,
852 2131 910 2181 duum
923 2131 990 2180 lava-

251 2239 321 2273 mus:

186 2312 236 2362 Ubi
248 2326 293 2361 nos
304 2311 444 2367 laverimus,
456 2311 477 2359 si
488 2311 565 2371 voles,
577 2310 667 2359 lavato.
677 2310 779 2374 Accipio
790 2309 875 2359 tristis.

185 2405 238 2453 An.
253 2405 320 2453 'lum
329 2402 442 2466 equidem
453 2401 516 2451 istuc
528 2415 556 2450 os
567 2407 639 2450 mum
650 2399 779 2463 impudens
791 2398 872 2448 videre
884 2398 989 2448 nimium

251 2492 357 2541 vellem:
972 2501 974 2504 ·

185 2583 234 2637 Qui
244 2591 309 2632 esset
318 2589 406 2642 status,
418 2580 545 2631 flabellum
556 2587 641 2629 tencre
652 2587 677 2628 tc
688 2579 786 2628 asinum
796 2585 902 2626 tautum.

86 2657 90 2662 ⁸
187 2674 235 2746 Ch..
247 2671 296 2722 Vix
307 2671 437 2720 elocuts’st
446 2670 503 2730 hoc,
515 2669 582 2718 foras
593 2668 669 2718 simul
680 2675 766 2716 omnes
778 2673 900 2731 proruunt
911 2679 955 2728 se‹;

185 2763 286 2812 Abeunt
296 2763 423 2823 lavatum
440 2765 613 2823 perstrepunt3
631 2756 711 2806 itaut
730 2756 769 2818 fit,
786 2755 932 2804 dominiubi
944 2755 987 2804 ab·

250 2859 317 2901 sunt
352 2852 356 2858 ‘

145 2949 148 2959 '
173 2944 283 3006 ,luteres
293 2955 395 2995 somous
405 2939 524 3002 virginem
534 2937 667 3002 opprimit:
686 2951 731 2998 ego
741 2935 807 2985 limis
820 2941 913 2998 specto,

187 3032 228 3082 Sic
238 3009 417 3117 perpilabsllcm
427 3030 566 3079 clanculum
576 3047 583 3076 ι
600 3027 675 3077 simul
687 3025 737 3076 alia
746 3025 931 3088 circumspecto,

187 3122 264 3173 Satin'
277 3122 405 3186 explorata
414 3119 472 3169 sinc
493 3118 572 3169 Video
583 3131 652 3168 esse:
670 3115 795 3181 pessulum
807 3113 871 3166 ostio
883 3112 956 3165 obdo.
