2459 3800
209 429 244 479 -72
401 428 428 474 P.
444 426 604 474 TERENTH
623 425 821 477 EUNUCHUS.
881 459 886 466 ·

216 572 260 618 ΡΙι.
278 565 369 618 Mariua
383 575 494 618 nostrum
506 576 594 618 ornam
604 568 695 630 verbis,
706 567 772 630 quod
783 567 887 631 poteris:
905 575 931 617 et
940 567 1015 616 lemm

194 659 202 684 '
278 660 405 720 amulum,

210 747 287 804 ,Quod
297 748 400 811 poteris,
412 747 442 797 ab
453 761 486 796 ea
493 746 587 810 pellito.

213 840 273 887 Par.
291 837 406 898 Memini,
424 837 521 886 tametsi
531 837 622 886 aulius
632 850 741 886 moneas.
774 839 821 885 Pa.
837 838 889 899 Ego
906 851 948 886 rus
966 836 1017 897 ibo,

278 933 351 988 atque
362 925 396 976 ibi
407 906 526 975 manebo:

214 1017 274 1062 Par.
292 1015 396 1064 Censeo.
429 1017 476 1063 Pa.
494 1015 543 1064 Sed
562 1015 624 1063 heus
646 1021 682 1064 tu.
715 1017 776 1065 Par.
794 1013 935 1068 Quidvis?
971 1015 1017 1062 Pa.

280 1103 385 1152 Censen'
397 1116 468 1165 posse
477 1117 516 1151 me
528 1103 659 1152 obfirmare

214 1192 247 1240 Ει
262 1191 365 1254 perpeti,
378 1207 409 1241 ne
420 1191 519 1240 redeam
530 1193 641 1243 interea?
676 1195 737 1242 Par.
753 1194 842 1242 Tene?
872 1207 922 1240 non
934 1191 1017 1240 hercle

237 1285 240 1292 '
279 1280 400 1329 arbitror:

215 1373 280 1420 Nam
292 1377 334 1419 aut
341 1373 393 1432 jam
405 1378 538 1432 revertere,
555 1379 597 1420 aut
607 1385 667 1422 mox
684 1380 759 1421 noctu
771 1379 795 1420 te
804 1371 906 1432 adigerit
915 1371 1017 1420 horsum

279 1458 410 1507 insomnia.
994 1443 998 1447 ,

174 1541 178 1545 ’
216 1551 262 1597 Pa.
286 1549 354 1612 Opus
373 1547 470 1606 faciam,
492 1555 521 1598 ιιι
541 1549 659 1611 defatiger
678 1562 766 1611 usque,
785 1547 896 1610 ingratiis
912 1555 941 1597 ιιι
957 1549 1015 1598 dor·

159 1623 160 1626 ¹
281 1637 364 1686 miam.

213 1731 276 1776 Par.
300 1725 417 1786 Vigilabis
438 1724 531 1774 lassus:
558 1726 605 1774 hoc
624 1727 680 1789 plus
695 1724 778 1774 facies.
819 1728 866 1774 Pa.
883 1727 934 1787 Ah,
951 1725 1015 1775 nihil

279 1815 350 1876 dicis,
362 1818 492 1864 Parmeno,

215 1903 345 1965 Ejiciunda
358 1900 441 1953 h'ercle
451 1904 504 1952 haec
514 1912 552 1953 est
562 1904 679 1953 mollities
690 1904 765 1953 animi
775 1924 781 1953 ε
799 1904 872 1953 nimis
884 1919 924 1953 me
934 1904 1018 1956 indul·

279 2008 333 2055 aeo-
440 1997 442 2003 '
573 1986 575 1992 ‘
678 1988 681 1991 ’

213 2080 326 2132 Tandem
345 2097 396 2130 non
414 2096 459 2143 ego
475 2082 521 2131 illa
538 2096 647 2143 caream,
660 2083 683 2131 ri
697 2084 731 2132 sit
746 2098 817 2147 opus,
829 2085 868 2132 vel
879 2091 960 2133 totum
971 2084 1017 2133 tri-

277 2170 375 2221 duum?
410 2174 470 2221 Par.
488 2171 555 2221 Hui!
628 2213 630 2217 ,

214 2258 366 2309 Universum
387 2259 517 2309 triduum?
547 2260 602 2310 vide
626 2260 684 2323 quid
707 2274 772 2323 agae.
816 2266 864 2312 Pa.
886 2264 942 2314 Stat
962 2281 1019 2315 sen-

214 2372 216 2378 i
277 2348 363 2397 tentia.

212 2439 274 2485 Par.
291 2435 323 2484 Di
335 2436 413 2485 boni!
433 2435 492 2498 quid
511 2437 559 2488 hoc
578 2438 659 2487 morbi
674 2442 732 2489 est?
752 2440 840 2491 adeon’
850 2442 964 2493 homines
972 2413 1021 2493 im-

278 2529 396 2577 mutarier

212 2620 251 2667 Ex
262 2632 357 2679 amore,
369 2626 397 2669 ιιι
407 2633 458 2667 non
468 2633 601 2681 cognoscas
613 2622 717 2672 eundem
734 2638 787 2673 ease
798 2626 808 2673 ἓ
827 2608 875 2673 hoe
886 2638 960 2673 nemo
971 2624 1020 2674 fuit

131 2764 134 2769 ¹
211 2708 296 2758 Minus
307 2709 414 2773 ineptus,
427 2710 502 2772 magis
517 2725 618 2761 severus
628 2713 768 2776 quisquam,
785 2728 831 2763 uec
847 2714 924 2776 magia
935 2716 1017 2764 conti-

275 2812 346 2848 nens.

210 2882 258 2933 Sed
270 2882 323 2945 quis
335 2882 376 2931 hic
387 2890 435 2943 est,
447 2884 489 2945 qui
497 2884 546 2935 huc
557 2885 655 2948 pergit?
675 2890 750 2935 attat!
769 2885 809 2935 hic
820 2887 917 2948 quidem
929 2894 967 2937 est
975 2902 1016 2951 pa·

274 2970 363 3021 rasitus
374 2966 473 3021 Gnatho

209 3057 312 3111 Militia:
331 3060 397 3110 ducit
407 3076 490 3112 secum
502 3076 551 3113 una
561 3062 680 3125 virginem
691 3064 758 3115 dono
769 3065 835 3115 huic.
849 3068 934 3133 Papa!
