2459 3800
393 470 505 522 Ac'rUs
523 472 557 521 11.
592 471 704 521 SCENA
722 472 766 521 111.
784 470 789 479 ’
951 466 982 524 77

178 612 222 663 Cle.
240 614 276 663 Ut
285 611 356 662 illum
366 613 402 674 di,
414 617 513 679 deaeque
522 615 620 665 senium
632 616 745 679 perdent,
758 616 799 677 qui
811 630 851 665 me
859 615 933 665 hodie
941 630 983 665 re-
996 653 999 659 ,

239 711 349 753 moratus
357 712 409 753 est:
944 706 948 712 ’

178 793 269 853 Meque
280 792 350 852 adeo,
361 792 404 856 qui
420 792 552 841 restiterim
560 806 572 841 ι·
584 801 638 843 tum
658 802 750 855 autem,
768 795 809 857 qui
824 794 895 843 illum
911 794 984 847 flocci

240 880 349 929 fecerim.

177 968 225 1017 Sed
240 982 323 1017 eeeum
337 970 523 1018 Parmenonem.
538 971 618 1019 Salve.
651 975 711 1021 Par.
728 971 794 1026 Quid
809 980 836 1022 tu
846 987 872 1023 es
881 973 979 1023 tristis?

239 1057 364 1123 quidie'es
373 1060 461 1109 alacris
473 1064 482 1109 ?

175 1149 249 1201 Unde
264 1150 306 1199 is?
342 1151 386 1199 ct.
403 1152 509 1211 Egone?
530 1149 614 1200 neseio
626 1151 738 1213 hercule,
750 1166 831 1215 neque
842 1153 909 1202 unde
918 1167 982 1209 eam,

240 1253 318 1301 neque
328 1238 445 1301 quor'su'm
455 1252 524 1288 eam:

177 1328 215 1375 lta
220 1341 334 1389 prorsum
345 1328 437 1376 oblitus
448 1341 504 1375 sum
515 1326 574 1375 mei.

176 1419 236 1465 Par.
253 1416 313 1476 Qui,
328 1418 429 1477 quaeso?
466 1417 509 1464 ot.
527 1418 601 1465 Amo.
634 1420 695 1465 Per.
715 1418 795 1465 Hem!
834 1416 877 1465 Ch.
895 1418 980 1478 Nunc,
1031 1448 1037 1457 ·

233 1505 539 1565 'Parmen0,teostendes,
550 1505 592 1566 qui
602 1504 640 1553 vir
651 1505 707 1553 sies.
924 1504 927 1511 '
999 1490 1002 1497 ’

177 1592 230 1641 Scis
242 1592 409 1654 te'mihisaepe
419 1592 558 1655 pollicitum
570 1606 639 1655 esse3
658 1593 771 1653 Chen-ea,
783 1592 877 1654 aliquid
888 1592 972 1642 inveni

177 1682 254 1730 Modo
264 1680 329 1743 quod
340 1695 423 1729 ames:
442 1680 468 1728 in
486 1695 516 1729 ea
533 1680 704 1729 mutilitatem
722 1694 767 1741 ego
780 1680 869 1729 faciam
886 1688 915 1729 ut
926 1695 984 1743 cog·

242 1784 329 1819 noscas
339 1775 435 1818 metm:

180 1863 243 1914 eun
254 1860 279 1909 in
290 1860 407 1910 cellulam
417 1859 448 1908 ad
464 1869 489 1909 te
506 1858 581 1922 patris
591 1872 682 1922 penum
703 1872 803 1908 omnem
820 1858 982 1919 congerebam

242 1951 388 2000 clanculum.

177 2044 236 2090 Par.
246 2041 309 2101 Age,
319 2039 408 2102 inepte.
443 2038 488 2086 ct.
505 2039 560 2086 Hoc
570 2037 654 2084 hercle
665 2036 792 2084 faetum'st
804 2057 809 2085 :
822 2037 861 2085 fac
872 2035 905 2085 sis
915 2049 980 2084 nunc

242 2127 362 2191 promissa
370 2134 519 2190 appareant:

178 2218 234 2268 Sive
244 2217 305 2267 adeo
315 2217 389 2278 digna
399 2229 438 2264 res
447 2223 495 2274 est,
505 2213 549 2263 ubi
557 2221 586 2262 tu
597 2227 686 2262 nervos
696 2213 809 2263 intendes
820 2221 883 2263 tuos.

180 2309 247 2357 Haut
254 2305 342 2355 similis
352 2305 455 2366 virgo’st
462 2303 585 2364 virginum
596 2310 750 2362 nonnarum,
759 2316 819 2364 quas
830 2310 921 2352 matres
929 2309 982 2350 stu·

242 2395 303 2444 dent

179 2484 297 2535 Demissis
305 2482 417 2533 humeris
428 2496 493 2542 esse,
507 2482 591 2532 vincto
601 2493 711 2545 pectore,
723 2489 751 2530 ut
762 2483 864 2543 graciles
879 2481 955 2532 sient:

181 2573 208 2623 Si
228 2587 276 2636 qun
293 2581 331 2622 est
347 2572 456 2620 habitior
473 2573 559 2634 paulo,
576 2571 685 2634 pugilem
697 2585 749 2620 esse
761 2571 845 2634 eiunt3
863 2570 986 2620 deducunt

81 2640 85 2646 ’
242 2663 332 2712 cibun.
352 2669 373 2675 ·’
484 2667 489 2674 ·
704 2661 706 2666 ’
950 2714 952 2720 ,

180 2752 290 2802 Tametsi
297 2753 363 2800 bona
372 2757 410 2799 est
421 2757 517 2809 natura,
531 2748 639 2798 reddunt
649 2754 763 2796 curatura
770 2747 885 2806 juncens:

184 2845 267 2905 ltaque
283 2856 341 2903 ergo
355 2848 477 2892 aptantur.
509 2843 571 2888 Par.
590 2838 658 2893 Quid
668 2845 711 2886 tna
728 2837 816 2886 istaec?
853 2837 896 2884 Ch.
914 2835 984 2883 Nova

246 2929 324 2994 figura
334 2932 401 2982 oris*
425 2934 485 2980 Par.
503 2932 592 2992 Papae!

184 3025 227 3072 ct.
245 3023 320 3072 color
330 3036 414 3082 verus,
432 3033 522 3084 eorpus
533 3017 652 3077 solidum,
669 3025 694 3066 et
705 3016 771 3067 succi
781 3017 889 3079 plenum.
922 3016 984 3062 Para
1037 3039 1040 3044 ·

246 3113 332 3162 Anni?
370 3113 415 3163 ct.
430 3109 518 3162 Anni?
537 3107 665 3159 sedecim·
