2459 3800
399 528 510 577 AC'FUS
529 528 561 576 11.
593 528 704 581 SCENA
721 532 740 579 1.
918 532 967 579 ³⁰9

167 668 220 717 Nec
232 682 314 718 meum
326 668 473 733 imperinm:
493 686 546 733 age,
566 672 639 723 mitto
651 671 782 735 imperium
794 691 801 721 ι
819 685 870 721 non
880 671 970 721 simul-

233 766 309 808 tatem
321 774 401 808 meam

169 848 283 897 Revereri
295 850 401 897 saltem
421 864 472 899 non
484 851 590 914 pudere?
608 864 624 901 o
636 851 731 901 facinus
742 851 837 900 andex!
856 864 872 900 o
883 851 947 899 Geta

168 936 298 986 Monitor!
336 940 379 988 Ge.
398 938 443 987 Vix
451 940 559 989 tandem.
594 944 641 990 De.
659 941 725 994 Quid
737 940 911 990 mihidioent?
929 946 972 988 aut

234 1041 306 1088 quam
320 1041 418 1077 causam
431 1029 568 1091 reperient?

167 1114 289 1164 Demiror.
326 1118 368 1165 Ge.
385 1119 461 1181 Atqui
477 1120 556 1181 reperi
564 1121 633 1181 jam:
651 1121 719 1170 aliud
729 1134 799 1169 eura·
832 1122 881 1169 De.
898 1120 970 1167 Anne

233 1204 281 1255 boc
292 1204 376 1255 dicent
384 1205 458 1265 mihi,

170 1294 263 1345 Invitus
271 1296 349 1347 fecit:
367 1298 408 1346 lex
420 1298 517 1359 coegit?
537 1298 619 1355 audio,
630 1306 656 1347 et
663 1300 751 1349 fateor.
786 1301 829 1348 Ge.
848 1300 939 1347 Plaeee.

171 1386 220 1433 De.
237 1386 328 1435 Verum
339 1386 467 1445 scientem,
476 1387 588 1449 tacitum,
600 1400 699 1437 cansam
712 1388 808 1438 tradere
819 1386 974 1449 adversariis,

173 1474 286 1525 Etiamne
302 1475 328 1525 id
339 1476 380 1527 lex
391 1476 489 1537 coegit?
525 1480 572 1526 Pr.
590 1477 767 1527 iiluddurum.
805 1479 849 1526 Ge.
864 1478 918 1537 Ego
929 1490 974 1526 ex-

237 1564 350 1627 pediam:
367 1565 429 1613 rine.
640 1616 643 1619 ,

172 1654 220 1701 De.
238 1652 552 1715 Incertnm'stquidagarnz
570 1652 978 1717 quiaproeterspem‚atqueinere-

237 1741 313 1791 dibile
323 1744 371 1791 bec
383 1742 444 1791 mibi
455 1742 558 1803 obtigit:

174 1829 277 1879 Itanum
291 1830 411 1891 irritatus,
422 1832 533 1879 animum
549 1838 577 1879 ut
588 1845 708 1893 nequeam
725 1831 757 1881 ad
768 1830 925 1893 cogitandum
936 1829 975 1879 in·

190 1965 193 1970 .
240 1919 350 1970 stituere.
403 1957 407 1964 .

177 2011 343 2066 Quamobrem
354 2024 450 2070 omues,
462 2024 538 2072 quum
549 2011 663 2060 secundae
671 2025 711 2059 rea
718 2017 777 2060 aunt
786 2023 913 2071 maxume,
924 2018 979 2062 tum
1068 2060 1069 2065 ,

240 2113 355 2148 maxume

177 2188 294 2238 Meditari
312 2202 396 2238 seeum
413 2195 521 2252 oportet,
538 2202 587 2252 quo
607 2195 678 2252 pacto
696 2188 824 2240 advoraam
842 2201 980 2238 aerumnam

244 2279 326 2336 ierant
334 2297 341 2330 c

178 2366 284 2427 Pericle,
295 2366 394 2427 damna,
407 2366 491 2430 exilia,
503 2381 603 2430 peregre
615 2367 714 2418 rediens
723 2382 818 2430 semper
827 2367 928 2429 cogitet,

178 2461 230 2506 Ant
237 2456 283 2506 fibi
293 2464 430 2522 peecatum,
441 2464 484 2505 aut
495 2457 581 2506 uxoris
598 2465 716 2518 mortem,
727 2464 770 2506 aut
780 2457 895 2506 morbum
904 2455 975 2504 tilia:

179 2547 332 2598 Communia,
349 2561 402 2597 esse
421 2547 490 2597 hec:
509 2547 563 2596 fieri
581 2561 672 2610 poene:
688 2555 759 2596 utne
769 2545 829 2608 quid
850 2544 978 2596 animoeit

247 2653 337 2689 novum
350 2659 356 2688 ι

181 2727 304 2794 Quicquid
315 2735 402 2792 praeter
415 2740 484 2790 spem
495 2726 602 2788 eveniat,
622 2740 697 2775 omne
716 2726 741 2776 id
753 2725 872 2790 deputare
882 2737 935 2774 erae
956 2723 983 2774 in

245 2820 325 2870 luero.

116 2969 128 2979 ,
184 2912 227 2960 Ge.
245 2909 267 2958 0
279 2906 403 2968 Phaedria,
414 2904 602 2965 incredibile’st,
614 2911 733 2967 quantum
743 2904 832 2954 houm
848 2909 935 2952 anteeo
944 2913 985 2950 sa-

248 2998 356 3062 pientia!

183 3086 303 3139 Meditata
319 3085 381 3135 mihi
397 3092 455 3138 aunt
470 3083 554 3136 onmia
565 3097 621 3136 mea
636 3081 809 3135 incommoda:
826 3081 902 3135 herne
912 3078 933 3130 ni
945 3093 983 3134 re·

249 3174 333 3238 dierit,
