2459 3800
418 452 539 515 tows
550 454 588 501 ·Ι.·
619 452 730 503 SCENA
746 453 781 502 lh
958 453 1010 512 5191

199 588 266 638 Dum
277 587 302 637 id
314 588 430 638 rescitum
441 589 473 638 iri
482 589 571 651 credit,
582 589 701 653 tantisper
712 597 795 640 cavetz

200 677 227 726 Si
238 685 320 740 sperat
331 679 385 726 fore
395 680 471 739 clam,
483 693 570 728 rursus
581 679 614 728 ud
624 675 750 740 iugenium
762 679 834 728 redit.

200 765 246 813 ssle
255 779 328 827 quem
339 766 460 814 beneficio
471 767 601 828 adjungas,
613 781 645 816 ex
657 767 740 815 animo
752 766 828 828 facit3

202 853 290 902 Studet
300 867 344 916 par
355 855 449 902 referre
460 875 469 917 5
486 869 591 917 presens
601 857 736 918 absensque
747 854 812 904 idem
824 853 879 903 erit.

201 943 255 990 Ho'c
265 942 372 1002 patrium
384 950 431 1002 est,
442 942 524 1006 potius
532 945 707 992 consuefacere
715 943 794 992 filium

201 1032 252 1081 Sua
262 1039 348 1094 sponte
360 1039 426 1080 recte
437 1033 530 1094 faeere,
542 1046 615 1094 quam
627 1032 709 1080 alieno
720 1039 795 1081 metu.

203 1121 256 1169 Hoc
266 1128 336 1184 pater
346 1134 375 1168 ac
385 1118 499 1170 domiuus
510 1120 615 1170 interest
627 1140 632 1168 :
649 1121 697 1169 hoc
708 1120 750 1182 qui
761 1119 857 1182 nequit,

203 1210 317 1258 Fateatur
329 1209 460 1258 senescire
471 1209 591 1272 imperare
601 1209 695 1258 liberis.
868 1206 871 1216 '

202 1299 250 1348 Sed
262 1309 331 1347 estne
343 1297 383 1346 hic
395 1297 471 1361 ipsus,
483 1298 514 1346 de
526 1312 574 1361 quu
587 1299 689 1359 agebam
701 1299 711 1345 ἓ
730 1305 755 1346 et
764 1304 829 1345 certe
841 1295 862 1345 is
873 1305 918 1346 est.
1000 1349 1003 1356 ,

202 1386 291 1436 Nescio
302 1385 362 1448 quid
373 1387 468 1436 tristem
477 1387 548 1436 video
559 1406 564 1434 :
582 1386 656 1434 credo
664 1388 727 1446 jam,
740 1392 768 1433 ut
780 1385 854 1445 solet,

203 1478 218 1527 J
222 1477 324 1538 urgebit.
348 1479 448 1528 Salvom
460 1486 485 1526 te
494 1477 620 1539 advenire,
632 1479 735 1537 Demea,

204 1565 352 1614 Gaudemus.
541 1551 545 1554 ⁴

436 1807 548 1859 ACTUS
565 1811 585 1858 1.
619 1811 728 1860 SCENA
747 1811 779 1860 11.

491 1926 596 1973 Duum.
630 1927 723 1975 Mucm.

205 2025 298 2085 Eunu,
309 2031 462 2087 opportune:
481 2032 505 2073 te
516 2025 597 2087 ipsum
608 2025 720 2088 querito.

206 2114 253 2161 Mt.
271 2112 336 2165 Quid
347 2111 425 2161 tristis
436 2114 479 2161 es?
512 2115 562 2162 De.
579 2116 659 2175 Rogas
668 2128 718 2175 me,
728 2114 770 2163 ubi
780 2113 851 2181 mobis
861 2114 994 2164 AEschiuuu

209 2200 275 2261 Siet,
286 2199 344 2263 quid
354 2200 493 2262 'tristis'ego
504 2200 551 2249 sim
562 2204 573 2249 ?
607 2204 655 2250 Mi.
673 2202 758 2255 Diuiu’¹
769 2202 816 2252 hoc
826 2204 899 2251 fore?

207 2290 273 2344 Quid
284 2289 363 2339 tecit?
398 2292 446 2338 De.
463 2290 529 2345 Quid
540 2290 583 2339 ine
593 2290 699 2339 fecerit?
719 2304 790 2353 quem
800 2304 878 2354 neque
889 2290 964 2353 pudet

208 2378 361 2440 Quicquam
379 2391 424 2426 nec
435 2378 523 2427 metuit
533 2386 698 2440 quemquam
716 2380 964 2441 nequelegemputat
1012 2390 1018 2403 ·

207 2467 303 2515 Tenere
314 2480 341 2514 ue
351 2466 429 2514 ullam
441 2487 446 2515 ι
464 2480 522 2514 nam
534 2467 588 2527 illa,
598 2481 652 2528 quae
663 2468 765 2514 antehac
776 2466 917 2525 factasunt,

210 2555 322 2604 Omitto:
341 2556 415 2604 modo
426 2555 485 2617 quid
496 2556 631 2617 designavit
643 2559 649 2603 Ξ
683 2558 729 2603 Mu'.
746 2554 871 2610 Quidnam
882 2554 908 2602 id
919 2557 977 2603 est?

207 2646 255 2692 De.
273 2644 348 2693 Fores
360 2643 465 2705 effregit,
478 2652 551 2706 atque
561 2645 587 2693 in
595 2644 656 2693 edis
666 2643 739 2692 irruit
836 2692 838 2697 ,

207 2732 325 2782 Alienus:
343 2733 424 2795 ipsum
435 2732 575 2793 dominum,
586 2741 660 2795 atque
672 2738 772 2789 omnem
784 2728 903 2779 familiam

210 2820 329 2870 Mmeevit
339 2835 416 2883 usque
428 2821 459 2869 ad
471 2829 590 2871 mortem:
608 2820 698 2883 eripuit
709 2819 838 2867 mulierem

211 2911 291 2964 Quum
302 2889 408 2958 amabut.
433 2910 549 2957 Clamant
560 2922 656 2968 omnes,
668 2906 844 2969 iudignissume

212 2997 313 3046 Factum
325 3012 395 3046 esse:
412 2996 461 3046 hoc
470 2997 609 3046 advenienti
622 3003 682 3060 quot
692 2996 765 3057 mihi,
774 2995 872 3056 Mici9‚'

213 3085 323 3136 Dixere?
342 3086 369 3135 ln
380 3087 457 3136 ore'st
466 3086 535 3135 omni
546 3087 646 3150 populo.
664 3084 776 3147 Denique
