2459 3800
386 491 497 541 ACTUS
515 494 545 541 V.
586 490 697 542 sanA
715 495 770 542 vil.
934 499 984 545 345

185 627 228 674 on.
244 625 309 675 Tum
321 633 403 676 antem
415 628 582 692 Antiphonem
592 630 664 680 video
672 633 701 681 ab
712 646 766 681 sese
777 631 889 682 amittere

182 713 288 764 Invitum
300 731 370 765 eam:
389 717 471 780 inque.
503 723 551 768 De.
568 723 634 768 Tum
646 729 728 769 autem
739 721 809 769 video
819 721 898 770 filium

182 802 288 852 invitum
300 817 358 854 sane
368 805 497 855 mulierem
511 809 541 856 nb
553 823 578 857 se
587 807 707 856 amittere.

116 885 120 892 ’
182 892 231 940 Sed
241 893 317 942 tmesi
326 894 397 943 sodes
406 895 436 943 ad
445 895 536 950 forum,
548 905 621 958 atque
630 897 692 946 illud
704 897 765 945 mihi

182 980 317 1042 Argentum
330 997 428 1031 rursum
438 985 497 1044 jube
508 984 621 1046 rescribi,
634 986 761 1035 Phormio.

182 1071 228 1118 Ph.
241 1072 346 1125 Quodne
357 1059 403 1134 ego
415 1073 546 1137 perscripsi
557 1089 631 1137 porro
642 1075 703 1134 illis,
715 1074 802 1136 quibus
810 1074 886 1122 debui
897 1077 907 1122 ἓ

181 1162 228 1208 De.
246 1161 310 1215 Quid
322 1161 396 1222 igitur
408 1163 470 1210 fiet?
506 1165 553 1210 Pu.
570 1164 596 1212 Si
607 1163 641 1210 vie
652 1163 712 1211 mihi
725 1176 828 1210 uxorem
840 1161 898 1210 dare
929 1196 933 1203 -

182 1250 262 1302 Quem
273 1251 435 1312 despondisti,
447 1251 534 1300 ducam
548 1271 553 1299 ι
572 1252 610 1299 sin
623 1259 698 1298 estut
708 1251 769 1299 velis

182 1334 285 1388 Manere
297 1341 437 1404 illamapud
445 1349 480 1401 te,
492 1341 536 1388 dos
547 1341 587 1389 hic
599 1340 680 1388 omnis
693 1347 800 1398 manent,
811 1339 941 1401 Demipho.

183 1427 247 1475 Nam
259 1442 309 1476 non
321 1436 359 1476 est
369 1443 464 1488 mquom
478 1442 517 1476 me
528 1434 627 1490 propter
638 1442 681 1475 voe
690 1426 782 1489 decipi:

182 1516 265 1568 Quum
278 1530 322 1577 ego
331 1516 408 1564 vostri
420 1515 522 1564 honoris
533 1529 606 1563 cause
618 1514 747 1576 repudium
759 1513 830 1562 alteri

181 1604 338 1664 Remiserim,
350 1619 403 1666 quae
415 1604 479 1652 dotis
491 1603 637 1652 tantundem
649 1603 730 1651 dabat.

181 1694 229 1740 D'e.
247 1692 323 1740 [hinc
335 1692 361 1740 in
371 1693 461 1739 maiam
470 1706 523 1740 rem
535 1706 590 1739 cum
602 1691 664 1739 istae
674 1690 864 1752 magnificentia,

183 1779 307 1840 Fugitive:
326 1779 400 1828 etiem
413 1794 480 1828 nune
491 1779 569 1827 credis
581 1787 606 1828 te
618 1779 763 1840 ignorarint,

183 1869 235 1917 Aut
243 1875 286 1917 tun
294 1868 359 1918 fecta
366 1867 447 1917 adeo?
474 1871 520 1917 ΡΛ.
538 1868 634 1918 irritor.
656 1871 708 1918 Da.
724 1867 988 1928 iunehuncduceres,

184 1957 211 2007 Si
223 1957 267 2033 tibi
279 1958 335 2007 data
346 1961 428 2008 esset?
465 1962 511 2007 Pt.
530 1960 577 2008 Fac
588 1959 717 2021 periclum.
750 1961 798 2007 De.
816 1960 852 2007 Ut
861 1957 927 2006 filine

184 2045 247 2093 Cum
258 2045 302 2093 ille
310 2046 404 2096 habitet
415 2046 479 2108 apud
489 2055 523 2106 te,
535 2048 584 2096 hoc
596 2055 706 2096 vostrum
715 2045 845 2096 consilium
857 2046 912 2095 fuit.

158 2160 165 2169 -
184 2135 228 2181 Pt.
246 2136 346 2195 Quaeso,
365 2135 424 2197 quid
444 2138 548 2185 narras?
582 2138 630 2185 De.
648 2135 714 2190 Quin
734 2142 761 2184 tn
778 2135 839 2183 mihi
858 2141 986 2196 argentum

248 2224 316 2273 cedo.

184 2315 230 2361 Plo.
249 2316 329 2362 Immo
339 2328 397 2363 vero
409 2329 512 2363 uxorem
522 2322 550 2363 tu
560 2315 629 2363 cedo.
663 2318 710 2363 De.
726 2316 754 2363 In
764 2317 805 2375 jus
817 2316 923 2363 ambula.

183 2403 230 2449 Pr.
248 2403 276 2450 ln
282 2404 322 2462 jue
335 2405 342 2450 i
361 2401 486 2450 enimvero
498 2403 519 2450 ei
529 2416 604 2464 porro
617 2417 670 2451 esee
682 2402 761 2451 odiosi
772 2403 881 2466 pergitis.

182 2492 230 2537 De.
248 2489 314 2544 Quid
323 2489 417 2538 facies?
452 2492 499 2537 Pu.
516 2492 623 2550 Egone?
643 2505 687 2538 vos
699 2505 740 2538 me
751 2489 868 2538 indotatis
882 2488 956 2539 modo

166 2559 169 2566 ,
185 2580 337 2629 Patrocinari
351 2581 456 2629 fortasse
467 2579 639 2628 arbitremini:

184 2668 265 2717 Etiam
277 2668 367 2718 dotatis
378 2669 455 2717 soleo.
491 2670 534 2717 Gli.
553 2668 620 2722 Quid
631 2668 656 2716 id
667 2669 770 2716 nostre?
806 2669 853 2715 Pt.
871 2664 957 2713 Nihil:

187 2758 233 2807 Hic
244 2757 366 2821 quandam
379 2772 476 2817 noram,
494 2759 563 2817 cujne
574 2758 611 2804 vir
622 2753 805 2805 uxorem-Gli.
829 2756 908 2802 Hem!
944 2756 993 2803 De.

247 2848 313 2902 Quid
323 2850 381 2896 est?

183 2938 232 2984 Ph.
248 2935 335 2984 Lemni
344 2935 429 2985 habuit
441 2935 523 2984 aliam.
559 2936 601 2983 Gla.
616 2935 708 2983 Nullus
721 2935 793 2981 sum!
831 2934 876 2981 Pt.
892 2932 992 2992 Exque

250 3024 327 3072 filiam

186 3112 311 3177 Suscepit:
333 3120 359 3162 et
367 3126 423 3161 eam
435 3115 499 3163 clem
511 3113 607 3163 educat.
645 3112 688 3161 Ch.
705 3111 821 3175 Sepultus
834 3123 888 3158 eum
901 3112 907 3157 t
