2459 3800
252 548 301 596 ³1⁰
455 542 661 592 P.TERENT11
680 542 846 592 PHOBMIO.

254 683 399 735 Molendum
405 696 483 745 usque
492 682 517 731 in
526 682 647 746 pistrino:
663 682 844 745 vapulandumr
860 680 980 731 hsbcudoe
989 696 1061 733 com·

318 773 402 837 pedes:
989 765 999 787 ⁴

254 864 323 927 Opus
344 864 396 912 ruri
418 863 578 913 faciundum:
606 863 696 911 horum
726 861 790 910 nihil
811 861 939 924 quicquam
963 861 1061 910 accidet

320 952 511 1002 suimonovom.

255 1041 376 1104 Quicquid
387 1050 475 1104 praeter
492 1055 560 1105 spem
571 1040 676 1101 eveniet,
694 1055 768 1089 omne
780 1041 804 1090 id
815 1041 1010 1112 deputabotesse
1029 1041 1055 1089 in

319 1131 399 1179 lucro.

254 1220 302 1268 Sed
320 1219 379 1282 quid
396 1232 476 1269 cessas
490 1219 617 1270 hominem
635 1220 714 1281 adire,
736 1228 761 1269 et
777 1220 868 1269 blande
889 1220 915 1268 iu
936 1220 1059 1283 principio

320 1309 431 1372 alloqui?

257 1402 306 1447 De.
324 1398 461 1449 Phaedriam
474 1400 523 1449 mei
532 1399 615 1450 fratris
626 1400 699 1449 video
710 1398 790 1448 filium
802 1399 862 1448 milii
875 1399 912 1449 ire
924 1400 1028 1448 obviam.

254 1492 300 1537 Pi.
318 1490 355 1539 Mi
366 1497 461 1552 patrue,
472 1490 545 1538 salve.
578 1489 626 1539 De.
643 1490 729 1539 Salve:
747 1488 790 1538 sed
801 1488 844 1537 ubi
856 1496 893 1538 est
902 1479 1033 1552 Antipho?

257 1582 304 1627 Pl.
322 1580 421 1629 Salvom
434 1578 555 1628 advenire.
589 1583 637 1630 De.
655 1580 750 1629 Credo:
768 1580 816 1628 hoc
827 1579 948 1641 responde
959 1578 1029 1627 milri.

254 1672 300 1717 Pla.
319 1670 403 1719 Valet:
421 1669 462 1719 hie
473 1677 518 1719 est.
552 1670 601 1719 Sed
612 1669 684 1719 satin’
696 1670 779 1718 omnia
790 1684 821 1718 ex
835 1670 975 1719 sententia?

255 1763 302 1809 De.
325 1763 421 1811 Vellem
451 1760 558 1823 quidem.
590 1764 639 1810 ΡΙι.
664 1760 731 1815 Quid
753 1760 835 1809 istuc?
873 1762 920 1809 De.
946 1759 1057 1821 Rogitas,

316 1851 455 1902 Phaedria?

256 1942 350 2002 Bonas,
362 1955 401 1990 me
412 1943 522 2002 absente,
534 1941 574 1990 hic
586 1939 727 1990 confecistis
739 1940 848 2002 nuptias.
1003 1997 1008 2001 ¹

256 2032 302 2079 Pa.
319 2030 385 2090 Eho,
405 2044 437 2079 an
460 2030 485 2079 id
503 2044 630 2080 succenses
651 2043 716 2078 nunc
733 2029 792 2076 illi?
837 2030 880 2078 Ge.
896 2027 920 2078 0
939 2027 1058 2076 artificem

322 2120 443 2180 probum!
884 2122 886 2129 '

255 2211 303 2258 De.
320 2209 406 2270 Egone
417 2209 455 2257 illi
467 2223 517 2257 uon
528 2223 686 2258 succenseam
698 2210 708 2256 i
725 2207 803 2272 ipsum
813 2207 890 2270 gestio

257 2300 317 2349 Dari
326 2300 387 2349 mihi
399 2300 423 2349 in
434 2307 603 2363 conspectum,
615 2314 681 2348 nuuc
691 2313 737 2347 sua
747 2300 820 2362 culpa
830 2306 859 2348 ut
868 2293 929 2348 sciat

255 2393 346 2440 Lenem
358 2398 452 2454 patrem
463 2391 534 2439 illum
546 2391 640 2439 iactum
650 2403 691 2438 me
702 2403 755 2437 esse
767 2388 922 2438 acerrimum.

256 2481 301 2529 ΡΙι.
319 2479 395 2543 Atqui
407 2478 549 2538 nihilfecit,
561 2485 658 2541 patrue,
670 2479 735 2539 quod
744 2491 898 2526 succenseas.

256 2572 305 2620 De'.
321 2571 385 2619 Ecce
397 2577 478 2619 autem
491 2567 582 2617 similia
592 2568 691 2617 omnia:
710 2582 797 2616 omues
810 2574 966 2630 congr-nuniz

257 2661 343 2708 Unum
355 2659 478 2721 cognoris,
490 2673 576 2707 omnes
585 2658 662 2707 noris.
695 2660 740 2706 Ple.
756 2642 828 2706 vHaut
838 2657 913 2706 ita’st.

256 2751 305 2798 De.
322 2748 369 2796 llic
386 2748 411 2796 in
424 2761 492 2796 noxa
503 2756 555 2810 est3
574 2747 618 2796 ille
627 2747 658 2796 ad
668 2745 845 2795 defendendam
855 2760 951 2795 causam
962 2747 1046 2796 adest:

259 2838 341 2891 Quum
354 2836 396 2884 ille
408 2842 455 2895 est,
466 2835 506 2883 hic
518 2843 606 2898 praesto
618 2842 671 2883 est:
689 2835 791 2883 tradunt
800 2849 886 2897 operas
899 2843 1004 2885 mutuas.

259 2927 302 2973 Ge.
320 2925 400 2972 Probe
411 2938 497 2973 eorum
509 2924 573 2972 facta
584 2923 729 2986 imprudens
742 2923 853 2986 depinxit
863 2939 947 2972 senex.

260 3015 308 3061 De.
325 3014 388 3061 Nam
401 3012 427 3060 ni
437 3013 490 3060 haec
500 3012 534 3061 ita
545 3020 637 3074 esseut,
652 3013 761 3062 cumillo
773 3013 930 3073 mutatores,
944 3014 1067 3065 Phaedria.

261 3104 307 3150 Ph.
325 3101 351 3150 Si
364 3109 411 3161 est,
426 3111 520 3164 patrue,
531 3104 629 3164 culpam
638 3111 666 3152 ut
676 3102 789 3166 Antipho
798 3103 824 3150 iu
835 3093 1010 3165 se'admiserit²

261 3191 298 3238 Ex
311 3203 359 3252 qua
370 3191 487 3240 seminus
498 3191 533 3240 rei
546 3192 610 3240 foret
621 3199 664 3240 aut
673 3191 745 3240 faurae
757 3199 907 3255 temperans:
