2459 3800
403 483 514 535 At'rus
532 484 578 533 ΙΙΙ.
611 484 723 535 scierit
741 486 787 535 111.
950 486 996 535 155

194 622 229 671 01.
245 620 278 671 Di
292 628 318 670 te
334 620 469 683 erndioent,
487 624 556 686 Syre,
571 622 613 685 qni
631 638 671 673 me
682 623 743 677 hine
752 621 871 673 extrudis.
905 624 947 686 Sy.
959 616 998 671 ‘At

256 717 285 759 tn
296 711 337 773 pol
347 710 393 759 tibi
403 710 462 759 intes

193 801 298 851 Posthac
308 801 465 865 comprimito
476 816 571 852 rnnnue.

193 890 297 940 Censen'
308 893 387 940 vero?
400 891 459 952 quid
470 891 542 939 ilium
555 906 629 954 porro
640 891 719 941 credis
731 890 865 951 facturum,
876 890 993 951 Chreme,

193 978 249 1028 Nisi
265 993 334 1040 enm,
351 986 471 1042 quantum
489 980 535 1029 tibi
558 980 612 1043 opis
635 981 667 1030 Di
678 980 748 1042 dent,
771 994 864 1042 serves,
884 978 997 1042 castiges,

257 1071 363 1119 monet?

194 1157 237 1206 σὴ.
253 1159 306 1220 Ego
316 1158 380 1208 istnc
390 1159 490 1207 curabo.
523 1160 565 1222 Sy.
581 1158 657 1221 Atqui
668 1174 745 1220 nnnc,
756 1157 827 1220 here,
839 1158 880 1208 hic
898 1157 944 1208 tibi
955 1172 995 1207 ee·

259 1247 392 1297 servandrn
404 1256 450 1297 est.
528 1244 533 1251 '
786 1244 787 1249 ’

194 1336 237 1385 ct.
254 1336 315 1385 Fiet
349 1339 391 1401 Sy.
408 1336 435 1388 si
449 1337 544 1400 sapiae:
561 1350 620 1386 nam
640 1334 701 1387 mihi
718 1337 771 1397 iam
790 1336 883 1397 minue,
899 1334 996 1385 minne-

259 1432 479 1494 qneobtemperet.

193 1519 236 1567 ct.
253 1517 319 1573 Quid
338 1522 386 1568 tu?
406 1520 494 1582 ecquid
513 1518 544 1568 de
564 1519 620 1581 illo,
643 1520 708 1582 quod
731 1518 824 1568 dudum
845 1525 928 1566 tecum
948 1517 997 1578 egi,

258 1607 339 1669 egisti,
350 1610 432 1673 Syre?
451 1617 495 1658 eut

191 1697 328 1760 Repperisti
345 1698 390 1746 tibi
405 1698 471 1760 quod
480 1700 585 1762 placeat,
602 1712 634 1747 an
647 1698 757 1748 nondum
769 1698 864 1748 etiem?
901 1698 943 1760 Sy.
959 1698 998 1745 De

258 1788 357 1837 fallacia

192 1874 279 1926 Dicis?
296 1880 337 1927 st!
357 1875 442 1928 inveni
460 1891 537 1941 nuper
554 1876 686 1942 quandem.
721 1877 764 1927 Gt.
782 1873 855 1938 Frugi
877 1888 903 1926 es
915 1873 999 1926 :eedo

256 1967 381 2030 quidest?

194 2058 236 2120 Sy.
252 2056 356 2106 Dieem:
374 2071 471 2118 verum,
487 2064 517 2106 ut
534 2056 601 2107 nliud
620 2071 651 2106 ex
668 2055 718 2106 alio
729 2056 824 2106 incidit.
859 2056 904 2104 ct.
920 2052 998 2108 Quid·

260 2159 330 2205 nam,
342 2147 422 2209 Syre?

196 2235 236 2298 Sy.
254 2235 371 2283 Pessuma
389 2235 443 2284 haec
464 2242 502 2284 eet
524 2236 650 2286 meretrix.
694 2237 737 2286 011.
760 2239 797 2286 Ita
819 2238 922 2288 videtur.
956 2242 998 2302 Sy.

263 2323 455 2374 Immosieeiae.

195 2413 265 2462 Vah!
284 2413 339 2462 vide
350 2413 416 2476 quod
426 2414 533 2477 inceptet
543 2414 648 2465 facinus.
682 2414 738 2464 Fuit
748 2416 860 2476 quaedam
875 2429 936 2465 anun
950 2416 1000 2465 Co·

260 2505 354 2554 rinthia

196 2594 259 2643 Hic:
276 2594 334 2644 hnic
354 2595 528 2645 drachmarum
548 2594 642 2656 argenti
664 2594 716 2644 hee
738 2594 806 2644 mille
824 2593 924 2646 dederat
943 2609 999 2645 mu·

256 2694 336 2734 trum.

198 2774 241 2822 Gt.
258 2773 324 2829 Quid
334 2776 409 2823 tum?
444 2776 488 2838 Sy.
505 2776 542 2823 Ee
557 2775 705 2824 mortua'st:
724 2773 824 2835 reliquit
842 2774 919 2823 filiam
939 2774 999 2822 ado-

260 2862 429 2913 leeeentnlam.

194 2955 232 3002 Ee
242 2952 328 3003 relicta
338 2952 401 3002 huie
406 2952 521 3004 arraboni
529 2960 566 3003 est
572 2967 617 3018 pro
628 2951 673 3002 iilo
684 2959 794 3014 argento.
823 2953 866 3001 Cis
878 2951 1000 3014 intelligo.

197 3047 237 3107 Sy.
256 3045 327 3094 Hanc
345 3057 430 3094 tecum
445 3045 495 3094 hue
512 3043 625 3105 adduxit,
645 3056 675 3092 ee
685 3055 739 3104 que
749 3049 788 3091 eet
800 3055 865 3090 nune
875 3041 940 3105 apud
953 3055 1000 3092 ux-

261 3149 330 3184 orem
342 3142 417 3185 uiam.
