2459 3800
235 459 267 506 36
456 457 482 504 Ρ.
499 455 659 506 TERENTIl
676 457 815 506 ANDRIA.

236 599 273 646 Si.
301 598 358 646 Non
379 596 479 646 fuerant
503 595 593 659 nuptiae
620 596 717 645 futurae.
758 597 824 644 Dan.
848 593 932 650 Quid?
959 595 1034 643 non?

302 689 337 735 Sr'.
355 686 531 748 Sedeagretie

238 775 368 835 Simulavi,
384 788 427 824 voa
444 781 472 822 ut
491 781 665 838 pertentarem.
699 776 765 823 Dan.
783 773 848 829 Quid
863 772 922 822 ais?
942 775 976 821 Si.
999 771 1040 821 Sic

302 871 396 912 renent.
430 865 495 912 Dan.
512 862 584 923 Vide,

237 952 444 1014 Nunquamirtuc
459 951 525 1014 quivi
539 965 584 1012 ego
596 951 749 1013 intelligere:
765 952 827 1001 vah!
846 951 977 1001 eonsilium
987 952 1037 1000 cal·

303 1040 391 1090 lidum.

239 1131 273 1179 Si.
292 1129 427 1178 Hoc'audlr
446 1137 474 1177 ut
484 1129 542 1178 hine
554 1125 579 1178 ιι
590 1128 696 1178 introire
711 1130 784 1192 juni,
798 1138 935 1194 opportune
955 1129 996 1178 hin
1010 1129 1040 1178 fit

305 1218 366 1267 mihi
378 1217 484 1267 obviam.

238 1312 304 1359 Dav.
323 1309 403 1358 Hem!
431 1321 551 1358 numnam
577 1307 716 1371 periimus?
744 1310 782 1358 Si.
805 1301 887 1357 Narrn
902 1307 971 1369 hnic,
985 1322 1041 1369 quae

303 1405 332 1448 ιιι
342 1397 435 1447 dudum
447 1395 553 1446 narrasti
560 1393 630 1446 mihi.
830 1452 832 1455 ,

239 1490 305 1537 liar.
324 1486 448 1542 Quidnam
465 1486 560 1535 audio?
584 1488 620 1535 Si.
637 1487 742 1535 Gnatam
754 1493 783 1534 ut
794 1485 837 1534 det
850 1499 907 1545 uro,
916 1485 1003 1546 vixque
1015 1484 1042 1533 id

304 1589 391 1625 exoro.
424 1578 492 1624 Dav.
509 1574 602 1624 Occidi.

240 1667 275 1714 Si.
301 1666 381 1714 Hem!
401 1665 460 1727 quid
479 1663 560 1713 dixti?
588 1667 656 1712 Dav.
682 1665 789 1726 Optume
808 1661 909 1724 inquam
932 1662 1042 1711 saraim!

306 1755 341 1802 Si.
359 1755 431 1803 Nunc
442 1767 485 1816 per
493 1754 560 1800 hunc
573 1753 675 1800 nulla’rt
683 1765 763 1800 mora.

243 1841 286 1890 el.
309 1843 417 1890 Domum
441 1840 515 1889 modo
539 1839 596 1889 ibo:
624 1847 653 1887 ut
671 1847 828 1903 apparentur,
850 1838 944 1891 dicam:
971 1849 1044 1904 atque

306 1931 354 1979 huc
365 1930 493 1979 renuncio.

242 2023 276 2070 Si.
294 2022 367 2069 Nunc
381 2027 406 2069 te
423 2034 479 2081 oro,
500 2022 577 2079 Dave,
593 2019 711 2081 quoniam
723 2021 791 2069 solun
807 2019 868 2068 mihi
885 2020 986 2070 effecisti
1001 2022 1046 2070 hm

307 2108 412 2173 nuptias.

242 2202 309 2248 Dav.
327 2200 380 2260 Ego
391 2212 450 2247 vero
467 2200 543 2248 aolus.
585 2202 621 2248 Si.
639 2198 767 2261 Corripere
782 2197 843 2246 mihi
861 2205 962 2259 gnatum
971 2213 1047 2261 porro

308 2285 409 2337 enitere.

243 2379 310 2426 Dru
327 2374 424 2425 Faciam
435 2375 517 2425 hercle
530 2376 624 2425 sedulo.
658 2368 695 2425 Si.¹
712 2380 784 2428 Potes
792 2392 869 2439 nunc,
880 2377 940 2426 dum
951 2376 1051 2425 animm

308 2464 417 2514 irritatus
426 2472 471 2513 est.

243 2557 309 2605 Dan.
327 2553 452 2609 Quiescas'.
486 2555 520 2602 Si.
537 2555 589 2615 Age
599 2554 684 2616 igitur,
692 2555 735 2604 ubi
744 2555 950 2620 nunceetipaua?
985 2558 1055 2607 Dav.

310 2642 416 2702 Mirum,
426 2642 453 2689 ni
462 2641 530 2691 domi
539 2650 584 2692 eat.

245 2734 280 2782 Si.
298 2734 342 2781 Ibo
361 2732 392 2781 ad
406 2746 474 2793 eum,
485 2742 558 2795 atque
574 2734 660 2783 eadem
677 2735 740 2795 inec,
757 2750 811 2796 quoe
829 2735 874 2784 tibi
891 2735 953 2797 dixi,
966 2736 1048 2786 dicam

205 2886 208 2891 Ι
311 2820 396 2870 itidem
407 2821 454 2870 illi.
488 2824 553 2871 Dan.
570 2819 661 2871 Nullis
672 2838 735 2872 sum.

246 2907 311 2965 Quid
319 2922 397 2959 causa
406 2918 453 2971 est,
462 2910 521 2971 quin
530 2910 587 2959 hinc
597 2911 623 2960 in
630 2910 761 2974 pistrinum
769 2919 837 2961 reeta
843 2912 983 2976 proficiscar
990 2914 1046 2964 ria?

246 2997 318 3047 Nihil
329 3008 366 3049 eat
375 2987 442 3063 preci
450 3001 500 3049 loci
510 3000 623 3049 relietum
633 3020 642 3063 3
656 3003 708 3062 jam
719 3004 858 3064 perturbavi
867 3003 968 3053 omnia:
1031 3000 1036 3005 ’

248 3088 343 3139 Herum
355 3089 450 3140 fefelli:
470 3091 496 3139 in
508 3091 604 3153 nuptiae
615 3092 710 3152 conjeci
721 3093 825 3144 herilem
834 3094 928 3144 lilium:
