2459 3800
227 437 277 486 22⁰
425 439 452 487 P.
468 440 629 488 TERENTH
646 440 801 492 ADELPHI.

230 581 299 629 Eone
310 579 466 630 obstetricem
486 585 609 632 arcessat?
628 583 672 633 ilia
691 584 824 643 exclamat,
839 581 899 643 Abi,
916 581 957 631 sbi
972 584 1035 643 jam,

294 669 424 718 AEschine:

231 757 296 806 Setis
315 758 358 808 diu
377 758 466 808 dedisti
485 761 575 810 verba:
602 768 641 810 sat
659 761 738 810 adhuc
757 769 800 810 tuo
822 775 868 810 nos
887 759 1058 810 frustrata’st·

296 845 364 896 fides.

231 934 306 993 Hem,
318 933 376 996 quid
386 934 449 984 istuc
460 936 572 997 obsecro,
581 935 740 998 inquem,’st!
756 937 854 997 Valeas,
866 937 956 985 habers
967 936 1036 984 illam

297 1035 351 1082 quoe
363 1022 451 1084 placet.

233 1107 304 1156 Sensi
314 1108 383 1156 illico
394 1110 419 1158 id
430 1110 486 1158 illas
495 1110 614 1173 suspicari
625 1131 632 1171 ς
651 1111 693 1160 sed
705 1125 744 1159 me
756 1111 901 1174 reprehendi
913 1117 1006 1169 tomen,

233 1196 272 1243 Ne
285 1196 343 1257 quid
354 1197 385 1244 de
395 1199 470 1246 fratre
482 1199 586 1258 garrule
598 1198 636 1246 illi
646 1198 764 1258 dicerem,
775 1213 805 1246 ac
815 1199 886 1246 fieret
897 1199 986 1260 palam.

235 1285 307 1332 Nunc
319 1284 378 1345 quid
390 1284 498 1333 faciam?
519 1285 599 1334 dicam
614 1287 698 1335 fratris
715 1289 790 1334 esse?
811 1285 836 1335 id
854 1286 953 1347 quidem
964 1285 1039 1337 mini-

298 1386 338 1420 me
350 1380 388 1420 est
399 1387 460 1436 opus

236 1461 347 1522 Usquam
358 1461 447 1510 efferri.
464 1464 501 1510 Ac
519 1463 608 1526 mitto3
627 1463 681 1512 fieri
700 1463 763 1526 potis
775 1470 823 1524 est,
842 1469 919 1511 utne
937 1455 986 1524 quo
995 1477 1040 1510 ex·

300 1555 347 1597 eat·
493 1611 499 1621 Ι

236 1636 319 1698 Ipsum
331 1636 357 1684 id
368 1645 451 1686 metuo
462 1645 490 1686 ut
501 1639 616 1687 credant:
634 1645 672 1688 iot
682 1647 834 1688 concurrunt
845 1637 1002 1688 verisimilia:

234 1725 339 1784 Egomet
361 1726 447 1788 rapui:
466 1727 518 1788 ipse
540 1735 636 1788 egomet
654 1727 715 1776 solvi
734 1734 876 1788 argenium:
895 1726 927 1775 ad
944 1740 984 1775 me
995 1727 1039 1774 ab·

300 1811 372 1860 duem
380 1821 417 1862 est
427 1814 544 1862 domum:

237 1900 296 1948 Haec
307 1900 368 1949 adeo
381 1916 435 1951 mea
445 1904 518 1964 culpa
528 1905 608 1952 fateor
620 1903 673 1952 fieri
684 1924 689 1951 :
708 1917 758 1951 non
770 1917 810 1951 me
821 1903 885 1952 hanc
896 1916 948 1951 rem
959 1902 1036 1964 patri,

237 1991 300 2038 Utut
310 1996 363 2037 erat
372 1997 449 2049 gesta,
461 1990 603 2039 indicasse?
621 2004 762 2051 exorassem
775 1997 803 2038 ut
813 2004 867 2039 eam
879 1989 1001 2037 ducerem.

237 2076 365 2124 Cessatum
377 2090 454 2137 usque
466 2077 545 2125 adhuc
555 2085 605 2127 est:
624 2092 689 2126 nunc
701 2091 785 2141 porro,
805 2076 1040 2137 AEschiue„exper·

301 2163 408 2223 giscere:

240 2254 313 2301 Nunc
324 2252 370 2301 hoc
381 2253 538 2315 primum’st:
557 2254 588 2302 sd
604 2255 660 2303 ilias
678 2254 730 2314 ibo,
747 2263 775 2302 ut
786 2260 887 2315 purgem
897 2266 952 2301 me:
971 2265 1043 2302 acce·

238 2406 245 2414 ¹
303 2340 360 2389 dam
373 2340 404 2389 ad
417 2341 491 2390 fores.

240 2427 323 2477 Perii!
341 2430 458 2477 horresco
475 2443 581 2491 semper,
598 2418 641 2477 ubi
657 2429 752 2493 pultare
768 2430 840 2479 hasce
851 2427 944 2492 occipio
957 2427 1040 2477 miser.

240 2520 318 2579 Heus,
331 2518 393 2567 heus
405 2521 411 2565 !
430 2518 562 2567 AEschinus
580 2532 625 2579 ego
636 2533 691 2567 sum
701 2538 710 2581 ;
728 2518 819 2582 aperite
829 2518 917 2581 aliquis
927 2524 1038 2566 actutum

272 2652 276 2661 ,
304 2604 404 2654 ostium.
957 2588 961 2593 ¹

241 2694 327 2743 Prodit
337 2693 421 2743 nescio
433 2694 502 2756 quis:
519 2694 652 2744 concedam
662 2696 718 2746 huc.
