2459 3800
403 477 514 531 ACTUS
531 479 565 530 11.
603 479 714 532 SCENA
730 480 776 530 111.
942 481 987 532 199

183 615 254 665 Nihil
263 624 320 680 est3
336 617 463 668 refrixerit
474 633 523 669 res.
556 621 629 669 Nune
640 619 738 669 demum
750 618 839 670 renis?

187 708 238 757 Cur
248 711 353 770 passus?
369 709 413 759 ubi
421 713 495 760 eras?
514 717 543 759 nt
552 711 586 760 sit
595 711 672 761 satius
682 711 794 774 perdere,

187 795 268 851 Qunam
275 804 318 846 aut
328 813 394 848 nunc
404 799 504 848 manere
514 807 565 848 tam
573 800 628 860 diu,
640 808 683 849 aut
694 808 747 848 lum
759 800 880 864 persequl.

186 889 228 949 Sy.
244 890 334 938 Jamne
344 891 504 952 enumerasti,
516 892 582 953 qnod
591 892 623 940 ad
633 899 657 940 te
667 891 803 942 rediturum
815 898 884 956 putes
896 893 907 940 l

188 978 231 1026 Su.
249 977 359 1026 llooeine
368 979 414 1028 illo
424 979 576 1041 dignnm'st?
593 980 694 1029 hoccine
703 980 810 1044 incipere
821 979 966 1030 AEsnlrinnm
976 981 993 1029 ἴ

187 1065 235 1114 Per
243 1066 427 1128 oppressionem
438 1075 468 1117 nl
477 1068 542 1117 hanc
553 1068 614 1117 mihi
625 1069 719 1132 eripere
730 1071 856 1132 postulet?

188 1155 232 1215 Sp.
249 1154 368 1204 nabunt,
379 1157 465 1206 Unum
474 1156 522 1205 hoe
533 1157 613 1205 habeo
625 1178 631 1207 z
649 1156 714 1218 vide,
725 1157 746 1207 si
758 1158 817 1208 salis
825 1159 923 1222 planet,

188 1242 275 1291 Potina
283 1255 358 1304 quam
366 1243 449 1292 venias
460 1243 486 1292 in
497 1245 643 1306 perieulum,
655 1245 759 1307 Sannio,

189 1331 318 1392 mne,
329 1345 361 1380 an
372 1332 460 1394 perdas
471 1339 562 1393 lotum,
573 1332 699 1382 dividuum
710 1333 777 1384 lace:

189 1419 273 1468 Minas
283 1419 491 1469 decemcorraden
500 1421 621 1470 alicunde.
654 1425 696 1471 Sa.
715 1422 762 1471 Hei
774 1421 851 1472 mihil

189 1507 271 1558 naam
283 1505 315 1557 de
325 1515 392 1558 sorae
400 1523 466 1557 nunc
475 1508 547 1558 venio
556 1509 584 1557 in
594 1509 696 1558 dubium
707 1510 782 1560 miser
793 1514 802 1559 i

103 1596 107 1600 ”
191 1596 271 1646 Pudet
281 1596 366 1645 nihil?
385 1611 473 1646 omnes
481 1597 566 1646 (lennes
577 1597 691 1647 labefecit
703 1598 780 1648 mihi:

192 1686 315 1736 Pneaerea
324 1685 435 1749 colaphis
443 1667 516 1735 mlier
527 1692 565 1734 est
571 1693 653 1734 tonum
665 1694 739 1749 caput
748 1699 754 1735 ·;

191 1773 273 1823 Ellam
284 1774 384 1837 insuper
394 1774 525 1824 deimdat?
544 1788 665 1837 nusquam
675 1777 745 1825 abeo·
778 1777 820 1838 Sy.
838 1778 874 1827 Ut
884 1777 960 1826 lnbel.

193 1864 328 1928 Numquid
337 1864 385 1927 ris,
403 1864 464 1929 quin
481 1865 586 1915 abeam?
622 1867 665 1916 Su.
683 1867 738 1917 lmo
749 1867 832 1917 hercle
843 1867 890 1917 hoc
902 1865 994 1930 qnaeso,

258 1955 328 2017 Syre,

193 2045 256 2100 Ulut
266 2044 320 2092 hanc
330 2051 389 2091 suna
398 2042 473 2103 faeta,
483 2043 566 2106 polius
576 2057 650 2105 quam
662 2043 718 2094 lines
730 2059 827 2109 sequar,

192 2134 279 2183 Meum
289 2132 351 2182 mihi
362 2132 488 2194 reddanu,
498 2132 586 2182 saltem
596 2134 683 2195 quanli
694 2136 802 2195 emta'sl,
814 2135 882 2198 Syre.
895 2141 897 2147 ’

193 2221 251 2271 Scio
262 2230 286 2271 te
297 2236 348 2270 non
358 2236 430 2271 usum
442 2222 545 2271 anselme
555 2222 664 2271 amicitia
673 2236 742 2273 mea:

194 2313 333 2359 Memorem
344 2310 460 2360 medices
470 2324 525 2361 esse
535 2318 561 2360 et
570 2319 675 2372 mrum.
708 2314 749 2373 sp.
767 2311 858 2363 Sedulo

193 2400 299 2448 Faciam.
316 2398 365 2448 Sed
375 2398 550 2463 Ctesiphonem
561 2399 633 2449 video
644 2421 649 2449 :
668 2401 738 2449 loetus
748 2407 787 2449 erst

193 2489 231 2536 De
241 2487 327 2537 amica.
360 2490 404 2537 Sa.
415 2487 491 2549 Quid,
502 2488 569 2550 quod
577 2495 602 2536 te
609 2490 674 2536 oro?
711 2490 751 2548 Sp.
765 2487 890 2551 Paulisper
900 2501 980 2536 mane.

324 2798 329 2809 Ι
419 2729 531 2781 ACTUS
548 2731 582 2777 ll.
615 2727 725 2777 SCENA
742 2727 788 2777 111.

468 2843 609 2891 crasrsuo.
642 2841 738 2889 sunus.

194 2945 251 2992 llas
261 2942 340 3007 pulvis
349 2941 460 3010 homine,
471 2957 527 2991 cum
536 2950 575 2992 esa
584 2955 656 3005 opus,
667 2940 812 2990 beneficium
824 2937 931 3002 ancipere
938 2953 997 3002 pau-

260 3033 334 3083 denas
