<?xml version="1.0" encoding="UTF-8"?>
<!DOCTYPE html PUBLIC "-//W3C//DTD XHTML 1.0 Transitional//EN"
    "http://www.w3.org/TR/xhtml1/DTD/xhtml1-transitional.dtd">
<html xmlns="http://www.w3.org/1999/xhtml" xml:lang="en" lang="en">
 <head>
  <title>
</title>
<meta http-equiv="Content-Type" content="text/html;charset=utf-8" />
  <meta name='ocr-system' content='tesseract 3.04.00' />
  <meta name='ocr-capabilities' content='ocr_page ocr_carea ocr_par ocr_line ocrx_word'/>
</head>
<body>
  <div class='ocr_page' id='page_1' title='image "./comoediaesexadf00zeungoog_0123.png"; bbox 0 0 2459 3800; ppageno 0'>
   <div class='ocr_carea' id='block_1_1' title="bbox 228 478 841 531">
    <p class='ocr_par' dir='ltr' id='par_1_1' title="bbox 228 478 841 531">
     <span class='ocr_line' id='line_1_1' title="bbox 228 478 841 531; baseline 0.007 -6"><span class='ocrx_word' id='word_1_1' title='bbox 228 478 274 526; x_wconf 72' lang='lat'>114</span> <span class='ocrx_word' id='word_1_2' title='bbox 420 481 448 529; x_wconf 84' lang='lat' dir='ltr'>P.</span> <span class='ocrx_word' id='word_1_3' title='bbox 464 480 624 530; x_wconf 78' lang='lat' dir='ltr'>TERENTH</span> <span class='ocrx_word' id='word_1_4' title='bbox 642 480 841 531; x_wconf 82' lang='lat' dir='ltr'><strong>EUNUCHUS.</strong></span> 
     </span>
    </p>
   </div>
   <div class='ocr_carea' id='block_1_2' title="bbox 362 752 809 816">
    <p class='ocr_par' dir='ltr' id='par_1_2' title="bbox 362 752 809 816">
     <span class='ocr_line' id='line_1_2' title="bbox 362 752 809 816; baseline -0.013 0"><span class='ocrx_word' id='word_1_5' title='bbox 362 752 366 757; x_wconf 87' lang='grc'><strong>’</strong></span> <span class='ocrx_word' id='word_1_6' title='bbox 446 764 557 815; x_wconf 68' lang='lat' dir='ltr'>senus</span> <span class='ocrx_word' id='word_1_7' title='bbox 574 767 604 815; x_wconf 88' lang='lat' dir='ltr'>v.</span> <span class='ocrx_word' id='word_1_8' title='bbox 639 765 747 816; x_wconf 73' lang='lat' dir='ltr'>scens</span> <span class='ocrx_word' id='word_1_9' title='bbox 765 764 809 813; x_wconf 77' lang='lat' dir='ltr'>vs.</span> 
     </span>
    </p>
   </div>
   <div class='ocr_carea' id='block_1_3' title="bbox 478 880 778 929">
    <p class='ocr_par' dir='ltr' id='par_1_3' title="bbox 478 880 778 929">
     <span class='ocr_line' id='line_1_3' title="bbox 478 880 778 929; baseline 0 -2"><span class='ocrx_word' id='word_1_10' title='bbox 478 880 604 929; x_wconf 64' lang='lat' dir='ltr'>Pet-usse.</span> <span class='ocrx_word' id='word_1_11' title='bbox 639 880 778 928; x_wconf 73' lang='lat' dir='ltr'>Pennnso.</span> 
     </span>
    </p>
   </div>
   <div class='ocr_carea' id='block_1_4' title="bbox 226 974 1034 1221">
    <p class='ocr_par' dir='ltr' id='par_1_4' title="bbox 226 974 1034 1221">
     <span class='ocr_line' id='line_1_4' title="bbox 226 974 1029 1043; baseline -0.001 -16"><span class='ocrx_word' id='word_1_12' title='bbox 226 980 363 1035; x_wconf 74' lang='lat' dir='ltr'>stnnsn</span> <span class='ocrx_word' id='word_1_13' title='bbox 376 979 468 1043; x_wconf 73' lang='lat' dir='ltr'>edepol</span> <span class='ocrx_word' id='word_1_14' title='bbox 486 979 616 1043; x_wconf 74' lang='lat' dir='ltr'>quiequam</span> <span class='ocrx_word' id='word_1_15' title='bbox 632 981 684 1041; x_wconf 81' lang='lat' dir='ltr'>jam</span> <span class='ocrx_word' id='word_1_16' title='bbox 703 978 756 1041; x_wconf 85' lang='lat' dir='ltr'><strong>din,</strong></span> <span class='ocrx_word' id='word_1_17' title='bbox 773 977 840 1041; x_wconf 82' lang='lat' dir='ltr'><strong>quod</strong></span> <span class='ocrx_word' id='word_1_18' title='bbox 853 974 930 1041; x_wconf 72' lang='lat' dir='ltr'>magis</span> <span class='ocrx_word' id='word_1_19' title='bbox 941 979 1029 1028; x_wconf 84' lang='lat' dir='ltr'>vellem</span> 
     </span>
     <span class='ocr_line' id='line_1_5' title="bbox 292 1068 400 1131; baseline 0.019 -14"><span class='ocrx_word' id='word_1_20' title='bbox 292 1068 400 1131; x_wconf 73' lang='lat' dir='ltr'>evenire,</span> 
     </span>
     <span class='ocr_line' id='line_1_6' title="bbox 227 1156 1034 1221; baseline 0.002 -16"><span class='ocrx_word' id='word_1_21' title='bbox 227 1156 292 1206; x_wconf 82' lang='lat' dir='ltr'><strong>Mihi</strong></span> <span class='ocrx_word' id='word_1_22' title='bbox 302 1157 393 1219; x_wconf 68' lang='lat' dir='ltr'>evenit,</span> <span class='ocrx_word' id='word_1_23' title='bbox 405 1171 478 1220; x_wconf 79' lang='lat' dir='ltr'>quem</span> <span class='ocrx_word' id='word_1_24' title='bbox 495 1158 561 1221; x_wconf 80' lang='lat' dir='ltr'><strong>qnod</strong></span> <span class='ocrx_word' id='word_1_25' title='bbox 572 1158 647 1207; x_wconf 86' lang='lat' dir='ltr'><strong>modo</strong></span> <span class='ocrx_word' id='word_1_26' title='bbox 665 1170 743 1207; x_wconf 80' lang='lat' dir='ltr'>senex</span> <span class='ocrx_word' id='word_1_27' title='bbox 765 1157 831 1207; x_wconf 82' lang='lat' dir='ltr'>intro</span> <span class='ocrx_word' id='word_1_28' title='bbox 851 1157 882 1207; x_wconf 79' lang='lat' dir='ltr'>ad</span> <span class='ocrx_word' id='word_1_29' title='bbox 900 1172 946 1207; x_wconf 82' lang='lat' dir='ltr'>nos</span> <span class='ocrx_word' id='word_1_30' title='bbox 965 1156 1034 1207; x_wconf 86' lang='lat' dir='ltr'>venit</span> 
     </span>
    </p>
   </div>
   <div class='ocr_carea' id='block_1_5' title="bbox 216 1259 1034 3173">
    <p class='ocr_par' dir='ltr' id='par_1_5' title="bbox 291 1259 384 1296">
     <span class='ocr_line' id='line_1_7' title="bbox 291 1259 384 1296; baseline 0 -1"><span class='ocrx_word' id='word_1_31' title='bbox 291 1259 384 1296; x_wconf 78' lang='lat' dir='ltr'>errans.</span> 
     </span>
    </p>

    <p class='ocr_par' dir='ltr' id='par_1_6' title="bbox 227 1332 932 1399">
     <span class='ocr_line' id='line_1_8' title="bbox 227 1332 932 1399; baseline 0.01 -17"><span class='ocrx_word' id='word_1_32' title='bbox 227 1332 291 1383; x_wconf 78' lang='lat' dir='ltr'>Miht</span> <span class='ocrx_word' id='word_1_33' title='bbox 302 1335 361 1383; x_wconf 80' lang='lat' dir='ltr'>soloe</span> <span class='ocrx_word' id='word_1_34' title='bbox 371 1334 476 1384; x_wconf 79' lang='lat' dir='ltr'>ridiculo</span> <span class='ocrx_word' id='word_1_35' title='bbox 487 1334 544 1396; x_wconf 77' lang='lat' dir='ltr'>fuis,</span> <span class='ocrx_word' id='word_1_36' title='bbox 553 1350 617 1397; x_wconf 87' lang='lat' dir='ltr'><strong>quae,</strong></span> <span class='ocrx_word' id='word_1_37' title='bbox 627 1335 686 1399; x_wconf 83' lang='lat' dir='ltr'>quid</span> <span class='ocrx_word' id='word_1_38' title='bbox 697 1336 805 1397; x_wconf 83' lang='lat' dir='ltr'>timeret,</span> <span class='ocrx_word' id='word_1_39' title='bbox 817 1336 932 1389; x_wconf 71' lang='lat' dir='ltr'>sciebam.</span> 
     </span>
    </p>

    <p class='ocr_par' dir='ltr' id='par_1_7' title="bbox 226 1424 1032 1562">
     <span class='ocr_line' id='line_1_9' title="bbox 226 1424 1032 1491; baseline 0.006 -18"><span class='ocrx_word' id='word_1_40' title='bbox 226 1428 288 1474; x_wconf 85' lang='lat' dir='ltr'><strong><em>Par.</em></strong></span> <span class='ocrx_word' id='word_1_41' title='bbox 306 1424 372 1479; x_wconf 78' lang='lat' dir='ltr'>Quid</span> <span class='ocrx_word' id='word_1_42' title='bbox 382 1425 429 1474; x_wconf 84' lang='lat' dir='ltr'>hoc</span> <span class='ocrx_word' id='word_1_43' title='bbox 439 1432 522 1475; x_wconf 77' lang='lat' dir='ltr'>entem</span> <span class='ocrx_word' id='word_1_44' title='bbox 532 1428 591 1475; x_wconf 78' lang='lat' dir='ltr'>est?</span> <span class='ocrx_word' id='word_1_45' title='bbox 627 1428 675 1487; x_wconf 70' lang='lat' dir='ltr'>Py.</span> <span class='ocrx_word' id='word_1_46' title='bbox 693 1428 766 1475; x_wconf 85' lang='lat' dir='ltr'><strong>Nunc</strong></span> <span class='ocrx_word' id='word_1_47' title='bbox 781 1426 807 1476; x_wconf 86' lang='lat' dir='ltr'>id</span> <span class='ocrx_word' id='word_1_48' title='bbox 818 1428 920 1491; x_wconf 66' lang='lat' dir='ltr'>pendeo,</span> <span class='ocrx_word' id='word_1_49' title='bbox 932 1435 960 1477; x_wconf 89' lang='lat' dir='ltr'>ut</span> <span class='ocrx_word' id='word_1_50' title='bbox 971 1442 1032 1477; x_wconf 88' lang='lat' dir='ltr'><strong>con·</strong></span> 
     </span>
     <span class='ocr_line' id='line_1_10' title="bbox 291 1512 888 1562; baseline -0.002 -1"><span class='ocrx_word' id='word_1_51' title='bbox 291 1512 388 1562; x_wconf 84' lang='lat' dir='ltr'><strong>veniam</strong></span> <span class='ocrx_word' id='word_1_52' title='bbox 400 1515 587 1562; x_wconf 81' lang='lat' dir='ltr'><strong>Parmenonem.</strong></span> <span class='ocrx_word' id='word_1_53' title='bbox 887 1512 888 1516; x_wconf 75' lang='grc'>’</span> 
     </span>
    </p>

    <p class='ocr_par' dir='ltr' id='par_1_8' title="bbox 230 1602 1032 1752">
     <span class='ocr_line' id='line_1_11' title="bbox 230 1602 1032 1668; baseline 0.005 -17"><span class='ocrx_word' id='word_1_54' title='bbox 230 1602 278 1653; x_wconf 86' lang='lat' dir='ltr'>Sed</span> <span class='ocrx_word' id='word_1_55' title='bbox 289 1602 332 1651; x_wconf 81' lang='lat' dir='ltr'>ubi</span> <span class='ocrx_word' id='word_1_56' title='bbox 344 1603 445 1651; x_wconf 87' lang='lat' dir='ltr'>obsecro</span> <span class='ocrx_word' id='word_1_57' title='bbox 456 1605 512 1651; x_wconf 82' lang='lat' dir='ltr'>est?</span> <span class='ocrx_word' id='word_1_58' title='bbox 547 1606 608 1651; x_wconf 81' lang='lat' dir='ltr'><strong><em>Par.</em></strong></span> <span class='ocrx_word' id='word_1_59' title='bbox 622 1604 664 1651; x_wconf 90' lang='lat' dir='ltr'>Me</span> <span class='ocrx_word' id='word_1_60' title='bbox 675 1602 764 1665; x_wconf 74' lang='lat' dir='ltr'>querit</span> <span class='ocrx_word' id='word_1_61' title='bbox 775 1604 828 1653; x_wconf 80' lang='lat' dir='ltr'>haee</span> <span class='ocrx_word' id='word_1_62' title='bbox 841 1605 851 1651; x_wconf 87' lang='lat'>?</span> <span class='ocrx_word' id='word_1_63' title='bbox 886 1606 933 1667; x_wconf 75' lang='lat' dir='ltr'>Py.</span> <span class='ocrx_word' id='word_1_64' title='bbox 950 1606 1032 1668; x_wconf 83' lang='lat' dir='ltr'><strong>Atque</strong></span> 
     </span>
     <span class='ocr_line' id='line_1_12' title="bbox 290 1691 714 1752; baseline 0 -11"><span class='ocrx_word' id='word_1_65' title='bbox 290 1704 375 1741; x_wconf 83' lang='lat' dir='ltr'>eccum</span> <span class='ocrx_word' id='word_1_66' title='bbox 385 1691 473 1741; x_wconf 83' lang='lat' dir='ltr'>video:</span> <span class='ocrx_word' id='word_1_67' title='bbox 490 1691 572 1741; x_wconf 77' lang='lat' dir='ltr'><strong>adibo.</strong></span> <span class='ocrx_word' id='word_1_68' title='bbox 709 1744 714 1752; x_wconf 63' lang='grc'><em>,</em></span> 
     </span>
    </p>

    <p class='ocr_par' dir='ltr' id='par_1_9' title="bbox 227 1774 1030 1932">
     <span class='ocr_line' id='line_1_13' title="bbox 227 1774 1030 1845; baseline 0.006 -18"><span class='ocrx_word' id='word_1_69' title='bbox 227 1774 289 1828; x_wconf 73' lang='grc' dir='ltr'>Ρανζ</span> <span class='ocrx_word' id='word_1_70' title='bbox 307 1778 372 1834; x_wconf 84' lang='lat' dir='ltr'>Quid</span> <span class='ocrx_word' id='word_1_71' title='bbox 383 1787 430 1840; x_wconf 84' lang='lat' dir='ltr'>est,</span> <span class='ocrx_word' id='word_1_72' title='bbox 447 1780 552 1843; x_wconf 82' lang='lat' dir='ltr'>inepte?</span> <span class='ocrx_word' id='word_1_73' title='bbox 571 1779 630 1843; x_wconf 82' lang='lat' dir='ltr'>quid</span> <span class='ocrx_word' id='word_1_74' title='bbox 650 1780 695 1829; x_wconf 82' lang='lat' dir='ltr'>tibi</span> <span class='ocrx_word' id='word_1_75' title='bbox 715 1780 773 1829; x_wconf 83' lang='lat' dir='ltr'>vis?</span> <span class='ocrx_word' id='word_1_76' title='bbox 792 1780 852 1843; x_wconf 81' lang='lat' dir='ltr'>quid</span> <span class='ocrx_word' id='word_1_77' title='bbox 868 1780 955 1831; x_wconf 83' lang='lat' dir='ltr'>rides?</span> <span class='ocrx_word' id='word_1_78' title='bbox 974 1796 1030 1845; x_wconf 85' lang='lat' dir='ltr'>per·</span> 
     </span>
     <span class='ocr_line' id='line_1_14' title="bbox 290 1868 529 1932; baseline 0.013 -15"><span class='ocrx_word' id='word_1_79' title='bbox 290 1868 354 1930; x_wconf 79' lang='lat' dir='ltr'><strong>gin’?</strong></span> <span class='ocrx_word' id='word_1_80' title='bbox 388 1872 436 1932; x_wconf 68' lang='lat'>1²9.</span> <span class='ocrx_word' id='word_1_81' title='bbox 453 1868 529 1931; x_wconf 79' lang='lat' dir='ltr'>Perii,</span> 
     </span>
    </p>

    <p class='ocr_par' dir='ltr' id='par_1_10' title="bbox 226 1959 1029 2025">
     <span class='ocr_line' id='line_1_15' title="bbox 226 1959 1029 2025; baseline 0.002 -17"><span class='ocrx_word' id='word_1_82' title='bbox 226 1959 330 2008; x_wconf 80' lang='lat' dir='ltr'>Defessa</span> <span class='ocrx_word' id='word_1_83' title='bbox 336 1960 388 2020; x_wconf 81' lang='lat' dir='ltr'>jnm</span> <span class='ocrx_word' id='word_1_84' title='bbox 397 1974 452 2008; x_wconf 85' lang='lat' dir='ltr'>sum</span> <span class='ocrx_word' id='word_1_85' title='bbox 465 1960 554 2010; x_wconf 76' lang='lat' dir='ltr'>misere</span> <span class='ocrx_word' id='word_1_86' title='bbox 563 1967 588 2008; x_wconf 88' lang='lat' dir='ltr'>te</span> <span class='ocrx_word' id='word_1_87' title='bbox 599 1960 712 2010; x_wconf 76' lang='lat' dir='ltr'>ridendo.</span> <span class='ocrx_word' id='word_1_88' title='bbox 746 1964 807 2012; x_wconf 81' lang='lat' dir='ltr'><em>Par.</em></span> <span class='ocrx_word' id='word_1_89' title='bbox 818 1961 884 2016; x_wconf 84' lang='lat' dir='ltr'><strong>Quid</strong></span> <span class='ocrx_word' id='word_1_90' title='bbox 894 1962 948 2012; x_wconf 80' lang='lat' dir='ltr'>ite?</span> <span class='ocrx_word' id='word_1_91' title='bbox 982 1965 1029 2025; x_wconf 75' lang='lat' dir='ltr'>Py.</span> 
     </span>
    </p>

    <p class='ocr_par' dir='ltr' id='par_1_11' title="bbox 216 2047 408 2109">
     <span class='ocr_line' id='line_1_16' title="bbox 216 2047 408 2109; baseline 0 -13"><span class='ocrx_word' id='word_1_92' title='bbox 216 2050 218 2055; x_wconf 89' lang='lat'>&#39;</span> <span class='ocrx_word' id='word_1_93' title='bbox 290 2047 408 2109; x_wconf 77' lang='lat' dir='ltr'>Rogitas?</span> 
     </span>
    </p>

    <p class='ocr_par' dir='ltr' id='par_1_12' title="bbox 228 2137 1006 2202">
     <span class='ocr_line' id='line_1_17' title="bbox 228 2137 1006 2202; baseline 0.003 -16"><span class='ocrx_word' id='word_1_94' title='bbox 228 2139 361 2198; x_wconf 79' lang='lat' dir='ltr'><strong>Nunquam</strong></span> <span class='ocrx_word' id='word_1_95' title='bbox 370 2139 412 2200; x_wconf 86' lang='lat' dir='ltr'>pol</span> <span class='ocrx_word' id='word_1_96' title='bbox 423 2137 550 2187; x_wconf 85' lang='lat' dir='ltr'><strong>hominem</strong></span> <span class='ocrx_word' id='word_1_97' title='bbox 564 2137 702 2187; x_wconf 76' lang='lat' dir='ltr'>stultiorem</span> <span class='ocrx_word' id='word_1_98' title='bbox 713 2137 774 2198; x_wconf 82' lang='lat' dir='ltr'><strong>vidi,</strong></span> <span class='ocrx_word' id='word_1_99' title='bbox 785 2153 830 2187; x_wconf 89' lang='lat' dir='ltr'>nec</span> <span class='ocrx_word' id='word_1_100' title='bbox 841 2137 929 2188; x_wconf 86' lang='lat' dir='ltr'>videbo</span> <span class='ocrx_word' id='word_1_101' title='bbox 940 2160 945 2188; x_wconf 89' lang='lat'><strong>:</strong></span> <span class='ocrx_word' id='word_1_102' title='bbox 964 2141 1006 2202; x_wconf 81' lang='lat' dir='ltr'>eh,</span> 
     </span>
    </p>

    <p class='ocr_par' dir='ltr' id='par_1_13' title="bbox 227 2226 988 2290">
     <span class='ocr_line' id='line_1_18' title="bbox 227 2226 988 2290; baseline 0.005 -15"><span class='ocrx_word' id='word_1_103' title='bbox 227 2229 285 2276; x_wconf 89' lang='lat' dir='ltr'>Non</span> <span class='ocrx_word' id='word_1_104' title='bbox 297 2239 397 2290; x_wconf 86' lang='lat' dir='ltr'>possum</span> <span class='ocrx_word' id='word_1_105' title='bbox 408 2226 468 2276; x_wconf 82' lang='lat' dir='ltr'>setis</span> <span class='ocrx_word' id='word_1_106' title='bbox 479 2240 593 2287; x_wconf 78' lang='lat' dir='ltr'>narrare,</span> <span class='ocrx_word' id='word_1_107' title='bbox 603 2241 665 2288; x_wconf 86' lang='lat' dir='ltr'>quos</span> <span class='ocrx_word' id='word_1_108' title='bbox 676 2226 748 2276; x_wconf 87' lang='lat' dir='ltr'>ludos</span> <span class='ocrx_word' id='word_1_109' title='bbox 760 2227 891 2290; x_wconf 66' lang='lat' dir='ltr'>prebuerit</span> <span class='ocrx_word' id='word_1_110' title='bbox 903 2229 969 2278; x_wconf 85' lang='lat' dir='ltr'>intus</span> <span class='ocrx_word' id='word_1_111' title='bbox 982 2250 988 2279; x_wconf 76' lang='grc' dir='ltr'>ι</span> 
     </span>
    </p>

    <p class='ocr_par' dir='ltr' id='par_1_14' title="bbox 226 2314 981 2379">
     <span class='ocr_line' id='line_1_19' title="bbox 226 2314 981 2379; baseline 0.003 -15"><span class='ocrx_word' id='word_1_112' title='bbox 226 2316 262 2364; x_wconf 79' lang='lat' dir='ltr'>At</span> <span class='ocrx_word' id='word_1_113' title='bbox 271 2317 344 2365; x_wconf 79' lang='lat' dir='ltr'>etiam</span> <span class='ocrx_word' id='word_1_114' title='bbox 356 2315 437 2379; x_wconf 81' lang='lat' dir='ltr'><strong>primo</strong></span> <span class='ocrx_word' id='word_1_115' title='bbox 448 2314 565 2364; x_wconf 78' lang='lat' dir='ltr'><strong>callidum</strong></span> <span class='ocrx_word' id='word_1_116' title='bbox 576 2322 602 2363; x_wconf 90' lang='lat' dir='ltr'>et</span> <span class='ocrx_word' id='word_1_117' title='bbox 613 2314 733 2364; x_wconf 86' lang='lat' dir='ltr'>disertum</span> <span class='ocrx_word' id='word_1_118' title='bbox 743 2314 836 2364; x_wconf 85' lang='lat' dir='ltr'>credidi</span> <span class='ocrx_word' id='word_1_119' title='bbox 846 2315 981 2366; x_wconf 77' lang='lat' dir='ltr'>hominem.</span> 
     </span>
    </p>

    <p class='ocr_par' dir='ltr' id='par_1_15' title="bbox 224 2403 906 2468">
     <span class='ocr_line' id='line_1_20' title="bbox 224 2403 906 2468; baseline -0.003 -13"><span class='ocrx_word' id='word_1_120' title='bbox 224 2406 312 2463; x_wconf 84' lang='lat' dir='ltr'>Quid?</span> <span class='ocrx_word' id='word_1_121' title='bbox 331 2406 431 2455; x_wconf 84' lang='lat' dir='ltr'>illicone</span> <span class='ocrx_word' id='word_1_122' title='bbox 442 2406 543 2454; x_wconf 81' lang='lat' dir='ltr'>credere</span> <span class='ocrx_word' id='word_1_123' title='bbox 552 2419 592 2464; x_wconf 80' lang='lat' dir='ltr'>ee,</span> <span class='ocrx_word' id='word_1_124' title='bbox 604 2419 658 2467; x_wconf 88' lang='lat' dir='ltr'>qnae</span> <span class='ocrx_word' id='word_1_125' title='bbox 669 2403 732 2464; x_wconf 85' lang='lat' dir='ltr'>dixi,</span> <span class='ocrx_word' id='word_1_126' title='bbox 744 2404 853 2468; x_wconf 85' lang='lat' dir='ltr'>oportuit</span> <span class='ocrx_word' id='word_1_127' title='bbox 862 2407 906 2454; x_wconf 77' lang='lat' dir='ltr'>te?</span> 
     </span>
    </p>

    <p class='ocr_par' dir='ltr' id='par_1_16' title="bbox 224 2494 851 2560">
     <span class='ocr_line' id='line_1_21' title="bbox 224 2494 851 2560; baseline -0.006 -14"><span class='ocrx_word' id='word_1_128' title='bbox 224 2499 265 2546; x_wconf 83' lang='lat' dir='ltr'>An</span> <span class='ocrx_word' id='word_1_129' title='bbox 276 2495 516 2560; x_wconf 76' lang='lat' dir='ltr'>poenitebat&#39;flagitii,</span> <span class='ocrx_word' id='word_1_130' title='bbox 528 2502 552 2542; x_wconf 87' lang='lat' dir='ltr'>te</span> <span class='ocrx_word' id='word_1_131' title='bbox 565 2501 665 2542; x_wconf 81' lang='lat' dir='ltr'>auctore</span> <span class='ocrx_word' id='word_1_132' title='bbox 676 2495 741 2556; x_wconf 87' lang='lat' dir='ltr'><strong>quod</strong></span> <span class='ocrx_word' id='word_1_133' title='bbox 754 2494 851 2545; x_wconf 82' lang='lat' dir='ltr'>fecisset</span> 
     </span>
    </p>

    <p class='ocr_par' dir='ltr' id='par_1_17' title="bbox 225 2581 976 2646">
     <span class='ocr_line' id='line_1_22' title="bbox 225 2581 976 2646; baseline -0.005 -10"><span class='ocrx_word' id='word_1_134' title='bbox 225 2586 385 2646; x_wconf 81' lang='lat' dir='ltr'>Adolescens,</span> <span class='ocrx_word' id='word_1_135' title='bbox 397 2585 423 2633; x_wconf 76' lang='lat' dir='ltr'>ni</span> <span class='ocrx_word' id='word_1_136' title='bbox 432 2585 550 2633; x_wconf 87' lang='lat' dir='ltr'>miserum</span> <span class='ocrx_word' id='word_1_137' title='bbox 562 2583 661 2644; x_wconf 79' lang='lat' dir='ltr'>insuper</span> <span class='ocrx_word' id='word_1_138' title='bbox 673 2583 746 2630; x_wconf 85' lang='lat' dir='ltr'>etiam</span> <span class='ocrx_word' id='word_1_139' title='bbox 758 2581 822 2645; x_wconf 86' lang='lat' dir='ltr'>patri</span> <span class='ocrx_word' id='word_1_140' title='bbox 834 2581 976 2632; x_wconf 77' lang='lat' dir='ltr'>indicares?</span> 
     </span>
    </p>

    <p class='ocr_par' dir='ltr' id='par_1_18' title="bbox 224 2671 973 2739">
     <span class='ocr_line' id='line_1_23' title="bbox 224 2671 973 2739; baseline -0.005 -13"><span class='ocrx_word' id='word_1_141' title='bbox 224 2679 290 2726; x_wconf 83' lang='lat' dir='ltr'>Nam</span> <span class='ocrx_word' id='word_1_142' title='bbox 301 2675 361 2739; x_wconf 83' lang='lat' dir='ltr'><strong>quid</strong></span> <span class='ocrx_word' id='word_1_143' title='bbox 369 2675 408 2723; x_wconf 83' lang='lat' dir='ltr'>illi</span> <span class='ocrx_word' id='word_1_144' title='bbox 419 2673 497 2723; x_wconf 85' lang='lat' dir='ltr'>credis</span> <span class='ocrx_word' id='word_1_145' title='bbox 507 2673 584 2721; x_wconf 74' lang='lat' dir='ltr'><strong>animi</strong></span> <span class='ocrx_word' id='word_1_146' title='bbox 594 2681 647 2721; x_wconf 84' lang='lat' dir='ltr'>tum</span> <span class='ocrx_word' id='word_1_147' title='bbox 658 2672 746 2732; x_wconf 81' lang='lat' dir='ltr'>fuisse,</span> <span class='ocrx_word' id='word_1_148' title='bbox 757 2671 799 2720; x_wconf 88' lang='lat' dir='ltr'>ubi</span> <span class='ocrx_word' id='word_1_149' title='bbox 810 2679 902 2722; x_wconf 84' lang='lat' dir='ltr'>vestem</span> <span class='ocrx_word' id='word_1_150' title='bbox 912 2672 973 2722; x_wconf 84' lang='lat' dir='ltr'>vidit</span> 
     </span>
    </p>

    <p class='ocr_par' dir='ltr' id='par_1_19' title="bbox 225 2759 1027 2918">
     <span class='ocr_line' id='line_1_24' title="bbox 225 2759 1027 2824; baseline -0.007 -9"><span class='ocrx_word' id='word_1_151' title='bbox 225 2766 297 2815; x_wconf 76' lang='lat' dir='ltr'>Illam</span> <span class='ocrx_word' id='word_1_152' title='bbox 319 2777 373 2813; x_wconf 85' lang='lat' dir='ltr'>esse</span> <span class='ocrx_word' id='word_1_153' title='bbox 395 2777 452 2811; x_wconf 87' lang='lat' dir='ltr'>eum</span> <span class='ocrx_word' id='word_1_154' title='bbox 471 2761 586 2810; x_wconf 83' lang='lat' dir='ltr'><strong>indutum</strong></span> <span class='ocrx_word' id='word_1_155' title='bbox 605 2762 697 2824; x_wconf 84' lang='lat' dir='ltr'>peter?</span> <span class='ocrx_word' id='word_1_156' title='bbox 715 2759 775 2822; x_wconf 87' lang='lat' dir='ltr'>quid</span> <span class='ocrx_word' id='word_1_157' title='bbox 792 2761 848 2808; x_wconf 83' lang='lat' dir='ltr'>est?</span> <span class='ocrx_word' id='word_1_158' title='bbox 863 2761 917 2821; x_wconf 79' lang='lat' dir='ltr'>jem</span> <span class='ocrx_word' id='word_1_159' title='bbox 938 2761 985 2810; x_wconf 78' lang='lat' dir='ltr'>scis</span> <span class='ocrx_word' id='word_1_160' title='bbox 1003 2769 1027 2809; x_wconf 88' lang='lat' dir='ltr'>te</span> 
     </span>
     <span class='ocr_line' id='line_1_25' title="bbox 288 2853 398 2918; baseline -0.009 -16"><span class='ocrx_word' id='word_1_161' title='bbox 288 2853 398 2918; x_wconf 80' lang='lat' dir='ltr'>periisse.</span> 
     </span>
    </p>

    <p class='ocr_par' dir='ltr' id='par_1_20' title="bbox 225 2937 1034 3006">
     <span class='ocr_line' id='line_1_26' title="bbox 225 2937 1034 3006; baseline -0.007 -12"><span class='ocrx_word' id='word_1_162' title='bbox 225 2948 285 2994; x_wconf 82' lang='lat' dir='ltr'><strong><em>Par.</em></strong></span> <span class='ocrx_word' id='word_1_163' title='bbox 296 2942 435 3006; x_wconf 84' lang='lat' dir='ltr'>Hem,quid</span> <span class='ocrx_word' id='word_1_164' title='bbox 442 2942 516 3003; x_wconf 82' lang='lat' dir='ltr'>dixti,</span> <span class='ocrx_word' id='word_1_165' title='bbox 525 2941 653 3005; x_wconf 79' lang='lat' dir='ltr'>pessuma?</span> <span class='ocrx_word' id='word_1_166' title='bbox 663 2953 695 2988; x_wconf 83' lang='lat' dir='ltr'>an</span> <span class='ocrx_word' id='word_1_167' title='bbox 704 2937 807 2988; x_wconf 76' lang='lat' dir='ltr'>mentita</span> <span class='ocrx_word' id='word_1_168' title='bbox 814 2941 859 2989; x_wconf 80' lang='lat' dir='ltr'>es?</span> <span class='ocrx_word' id='word_1_169' title='bbox 870 2937 943 2988; x_wconf 75' lang='lat' dir='ltr'>etism</span> <span class='ocrx_word' id='word_1_170' title='bbox 951 2939 1034 2988; x_wconf 81' lang='lat' dir='ltr'>rides?</span> 
     </span>
    </p>

    <p class='ocr_par' dir='ltr' id='par_1_21' title="bbox 225 3027 1028 3173">
     <span class='ocr_line' id='line_1_27' title="bbox 225 3027 1028 3097; baseline -0.011 -12"><span class='ocrx_word' id='word_1_171' title='bbox 225 3036 288 3085; x_wconf 81' lang='lat' dir='ltr'><strong>ltnn&#39;</strong></span> <span class='ocrx_word' id='word_1_172' title='bbox 298 3032 407 3097; x_wconf 86' lang='lat' dir='ltr'>lepidum</span> <span class='ocrx_word' id='word_1_173' title='bbox 423 3032 469 3082; x_wconf 85' lang='lat' dir='ltr'>tibi</span> <span class='ocrx_word' id='word_1_174' title='bbox 488 3031 567 3081; x_wconf 83' lang='lat' dir='ltr'>visum</span> <span class='ocrx_word' id='word_1_175' title='bbox 578 3038 630 3092; x_wconf 69' lang='lat' dir='ltr'>eet,</span> <span class='ocrx_word' id='word_1_176' title='bbox 646 3029 737 3092; x_wconf 78' lang='lat' dir='ltr'>scelus,</span> <span class='ocrx_word' id='word_1_177' title='bbox 757 3042 803 3078; x_wconf 87' lang='lat' dir='ltr'>nos</span> <span class='ocrx_word' id='word_1_178' title='bbox 821 3027 944 3078; x_wconf 68' lang='lat' dir='ltr'>trridere?</span> <span class='ocrx_word' id='word_1_179' title='bbox 981 3031 1028 3089; x_wconf 71' lang='lat' dir='ltr'>Py.</span> 
     </span>
     <span class='ocr_line' id='line_1_28' title="bbox 289 3122 410 3173; baseline -0.033 0"><span class='ocrx_word' id='word_1_180' title='bbox 289 3122 410 3173; x_wconf 79' lang='lat' dir='ltr'><strong>Nimium.</strong></span> 
     </span>
    </p>
   </div>
   <div class='ocr_carea' id='block_1_6' title="bbox 0 0 1234 3800">
    <p class='ocr_par' dir='ltr' id='par_1_22' title="bbox 0 0 1234 3800">
     <span class='ocr_line' id='line_1_29' title="bbox 0 0 1234 3800; baseline 0 1"><span class='ocrx_word' id='word_1_181' title='bbox 0 0 1234 3800; x_wconf 95' lang='lat' dir='ltr'> </span> 
     </span>
    </p>
   </div>
  </div>
 </body>
</html>
