<?xml version="1.0" encoding="UTF-8"?>
<!DOCTYPE html PUBLIC "-//W3C//DTD XHTML 1.0 Transitional//EN"
    "http://www.w3.org/TR/xhtml1/DTD/xhtml1-transitional.dtd">
<html xmlns="http://www.w3.org/1999/xhtml" xml:lang="en" lang="en">
 <head>
  <title>
</title>
<meta http-equiv="Content-Type" content="text/html;charset=utf-8" />
  <meta name='ocr-system' content='tesseract 3.04.00' />
  <meta name='ocr-capabilities' content='ocr_page ocr_carea ocr_par ocr_line ocrx_word'/>
</head>
<body>
  <div class='ocr_page' id='page_1' title='image "./comoediaesexadf00zeungoog_0158.png"; bbox 0 0 2459 3800; ppageno 0'>
   <div class='ocr_carea' id='block_1_1' title="bbox 404 536 1003 586">
    <p class='ocr_par' dir='ltr' id='par_1_1' title="bbox 404 536 1003 586">
     <span class='ocr_line' id='line_1_1' title="bbox 404 536 1003 586; baseline 0.003 -3"><span class='ocrx_word' id='word_1_1' title='bbox 404 536 515 586; x_wconf 65' lang='lat' dir='ltr'><strong>Adrus</strong></span> <span class='ocrx_word' id='word_1_2' title='bbox 534 537 579 586; x_wconf 93' lang='grc'><strong>111.</strong></span> <span class='ocrx_word' id='word_1_3' title='bbox 612 537 722 586; x_wconf 84' lang='lat' dir='ltr'>SCENA</span> <span class='ocrx_word' id='word_1_4' title='bbox 741 539 759 585; x_wconf 92' lang='grc'><strong>1.</strong></span> <span class='ocrx_word' id='word_1_5' title='bbox 957 536 1003 585; x_wconf 74' lang='lat' dir='ltr'><strong>llll</strong></span> 
     </span>
    </p>
   </div>
   <div class='ocr_carea' id='block_1_2' title="bbox 189 673 996 3246">
    <p class='ocr_par' dir='ltr' id='par_1_2' title="bbox 190 673 656 735">
     <span class='ocr_line' id='line_1_2' title="bbox 190 673 656 735; baseline 0.006 -13"><span class='ocrx_word' id='word_1_6' title='bbox 190 674 274 723; x_wconf 82' lang='lat' dir='ltr'><strong>Relevi</strong></span> <span class='ocrx_word' id='word_1_7' title='bbox 286 673 352 723; x_wconf 87' lang='lat' dir='ltr'><strong>dolia</strong></span> <span class='ocrx_word' id='word_1_8' title='bbox 363 674 457 735; x_wconf 86' lang='lat' dir='ltr'><strong>omnia,</strong></span> <span class='ocrx_word' id='word_1_9' title='bbox 472 690 558 725; x_wconf 84' lang='lat' dir='ltr'><strong>omnes</strong></span> <span class='ocrx_word' id='word_1_10' title='bbox 570 676 656 726; x_wconf 85' lang='lat' dir='ltr'><strong>serias.</strong></span> 
     </span>
    </p>

    <p class='ocr_par' dir='ltr' id='par_1_3' title="bbox 189 761 849 827">
     <span class='ocr_line' id='line_1_3' title="bbox 189 761 849 827; baseline 0.009 -17"><span class='ocrx_word' id='word_1_11' title='bbox 189 762 283 811; x_wconf 86' lang='lat' dir='ltr'><strong>Omnes</strong></span> <span class='ocrx_word' id='word_1_12' title='bbox 294 761 413 811; x_wconf 85' lang='lat' dir='ltr'><strong>sollicitos</strong></span> <span class='ocrx_word' id='word_1_13' title='bbox 424 763 513 814; x_wconf 83' lang='lat' dir='ltr'><strong>habui:</strong></span> <span class='ocrx_word' id='word_1_14' title='bbox 533 772 605 827; x_wconf 78' lang='lat' dir='ltr'><strong>atque</strong></span> <span class='ocrx_word' id='word_1_15' title='bbox 615 766 668 815; x_wconf 79' lang='lat' dir='ltr'><strong>haec</strong></span> <span class='ocrx_word' id='word_1_16' title='bbox 678 781 729 815; x_wconf 87' lang='lat' dir='ltr'><strong>una</strong></span> <span class='ocrx_word' id='word_1_17' title='bbox 740 782 799 816; x_wconf 87' lang='lat' dir='ltr'><strong>nox.</strong></span> <span class='ocrx_word' id='word_1_18' title='bbox 845 780 849 787; x_wconf 87' lang='grc'><strong>’</strong></span> 
     </span>
    </p>

    <p class='ocr_par' dir='ltr' id='par_1_4' title="bbox 189 852 847 917">
     <span class='ocr_line' id='line_1_4' title="bbox 189 852 847 917; baseline 0.011 -17"><span class='ocrx_word' id='word_1_19' title='bbox 189 852 255 906; x_wconf 85' lang='lat' dir='ltr'>Quid</span> <span class='ocrx_word' id='word_1_20' title='bbox 265 860 290 901; x_wconf 87' lang='lat' dir='ltr'><strong>te</strong></span> <span class='ocrx_word' id='word_1_21' title='bbox 301 853 412 902; x_wconf 82' lang='lat' dir='ltr'><strong>futurum</strong></span> <span class='ocrx_word' id='word_1_22' title='bbox 423 868 518 915; x_wconf 80' lang='lat' dir='ltr'>censes,</span> <span class='ocrx_word' id='word_1_23' title='bbox 530 871 602 917; x_wconf 89' lang='lat' dir='ltr'><strong>quem</strong></span> <span class='ocrx_word' id='word_1_24' title='bbox 614 856 711 905; x_wconf 82' lang='lat' dir='ltr'><strong>assidue</strong></span> <span class='ocrx_word' id='word_1_25' title='bbox 723 858 847 907; x_wconf 82' lang='lat' dir='ltr'><strong>exedent?</strong></span> 
     </span>
    </p>

    <p class='ocr_par' dir='ltr' id='par_1_5' title="bbox 189 940 854 1007">
     <span class='ocr_line' id='line_1_5' title="bbox 189 940 854 1007; baseline 0.011 -18"><span class='ocrx_word' id='word_1_26' title='bbox 189 940 229 989; x_wconf 92' lang='lat' dir='ltr'><strong>Sic</strong></span> <span class='ocrx_word' id='word_1_27' title='bbox 242 954 282 990; x_wconf 84' lang='lat' dir='ltr'><strong>me</strong></span> <span class='ocrx_word' id='word_1_28' title='bbox 292 942 323 991; x_wconf 88' lang='lat' dir='ltr'><strong>Di</strong></span> <span class='ocrx_word' id='word_1_29' title='bbox 335 944 463 1002; x_wconf 87' lang='lat' dir='ltr'><strong>amabunt,</strong></span> <span class='ocrx_word' id='word_1_30' title='bbox 475 951 504 992; x_wconf 88' lang='lat' dir='ltr'><strong>ut</strong></span> <span class='ocrx_word' id='word_1_31' title='bbox 513 959 553 993; x_wconf 91' lang='lat' dir='ltr'><strong>me</strong></span> <span class='ocrx_word' id='word_1_32' title='bbox 564 952 661 993; x_wconf 88' lang='lat' dir='ltr'><strong>tuarum</strong></span> <span class='ocrx_word' id='word_1_33' title='bbox 674 946 854 1007; x_wconf 60' lang='lat' dir='ltr'><strong>miserruma,</strong></span> 
     </span>
    </p>

    <p class='ocr_par' dir='ltr' id='par_1_6' title="bbox 189 1031 893 1097">
     <span class='ocr_line' id='line_1_6' title="bbox 189 1031 893 1097; baseline 0.009 -18"><span class='ocrx_word' id='word_1_34' title='bbox 189 1031 344 1093; x_wconf 86' lang='lat' dir='ltr'><strong>Menedeme,</strong></span> <span class='ocrx_word' id='word_1_35' title='bbox 356 1033 520 1081; x_wconf 79' lang='lat' dir='ltr'><strong>fortunarum.</strong></span> <span class='ocrx_word' id='word_1_36' title='bbox 552 1036 621 1082; x_wconf 83' lang='lat' dir='ltr'><strong>Men.</strong></span> <span class='ocrx_word' id='word_1_37' title='bbox 639 1035 721 1084; x_wconf 83' lang='lat' dir='ltr'>Faciat</span> <span class='ocrx_word' id='word_1_38' title='bbox 731 1036 798 1097; x_wconf 89' lang='lat' dir='ltr'><strong>quod</strong></span> <span class='ocrx_word' id='word_1_39' title='bbox 807 1037 876 1085; x_wconf 87' lang='lat' dir='ltr'><strong>lubet</strong></span> <span class='ocrx_word' id='word_1_40' title='bbox 888 1057 893 1086; x_wconf 90' lang='lat'><strong>:</strong></span> 
     </span>
    </p>

    <p class='ocr_par' dir='ltr' id='par_1_7' title="bbox 190 1119 797 1187">
     <span class='ocr_line' id='line_1_7' title="bbox 190 1119 797 1187; baseline 0.01 -20"><span class='ocrx_word' id='word_1_41' title='bbox 190 1119 286 1180; x_wconf 88' lang='lat' dir='ltr'><strong>Sumat,</strong></span> <span class='ocrx_word' id='word_1_42' title='bbox 298 1128 438 1180; x_wconf 88' lang='lat' dir='ltr'><strong>consumat,</strong></span> <span class='ocrx_word' id='word_1_43' title='bbox 449 1121 544 1183; x_wconf 85' lang='lat' dir='ltr'><strong>perdat:</strong></span> <span class='ocrx_word' id='word_1_44' title='bbox 560 1123 720 1173; x_wconf 87' lang='lat' dir='ltr'><strong>decretum&#39;st</strong></span> <span class='ocrx_word' id='word_1_45' title='bbox 731 1124 797 1187; x_wconf 86' lang='lat' dir='ltr'><strong>pati:</strong></span> 
     </span>
    </p>

    <p class='ocr_par' dir='ltr' id='par_1_8' title="bbox 190 1208 960 1264">
     <span class='ocr_line' id='line_1_8' title="bbox 190 1208 960 1264; baseline 0.006 -8"><span class='ocrx_word' id='word_1_46' title='bbox 190 1210 254 1256; x_wconf 87' lang='lat' dir='ltr'><strong>Dum</strong></span> <span class='ocrx_word' id='word_1_47' title='bbox 266 1208 337 1257; x_wconf 92' lang='lat' dir='ltr'><strong>illum</strong></span> <span class='ocrx_word' id='word_1_48' title='bbox 349 1210 423 1258; x_wconf 89' lang='lat' dir='ltr'><strong>modo</strong></span> <span class='ocrx_word' id='word_1_49' title='bbox 439 1211 542 1259; x_wconf 82' lang='lat' dir='ltr'><strong>habeam</strong></span> <span class='ocrx_word' id='word_1_50' title='bbox 554 1225 658 1259; x_wconf 86' lang='lat' dir='ltr'><strong>mecum.</strong></span> <span class='ocrx_word' id='word_1_51' title='bbox 678 1213 720 1261; x_wconf 79' lang='lat' dir='ltr'><strong>cl.</strong></span> <span class='ocrx_word' id='word_1_52' title='bbox 739 1214 765 1261; x_wconf 89' lang='lat' dir='ltr'><strong>Si</strong></span> <span class='ocrx_word' id='word_1_53' title='bbox 775 1215 905 1263; x_wconf 86' lang='lat' dir='ltr'><strong>certum’st</strong></span> <span class='ocrx_word' id='word_1_54' title='bbox 916 1214 960 1264; x_wconf 87' lang='lat' dir='ltr'><strong>tibi</strong></span> 
     </span>
    </p>

    <p class='ocr_par' dir='ltr' id='par_1_9' title="bbox 191 1292 780 1363">
     <span class='ocr_line' id='line_1_9' title="bbox 191 1292 780 1363; baseline 0.005 -17"><span class='ocrx_word' id='word_1_55' title='bbox 191 1297 332 1359; x_wconf 72' lang='lat' dir='ltr'><strong>arefacere,</strong></span> <span class='ocrx_word' id='word_1_56' title='bbox 342 1300 404 1349; x_wconf 93' lang='lat' dir='ltr'><strong>illud</strong></span> <span class='ocrx_word' id='word_1_57' title='bbox 415 1301 540 1363; x_wconf 81' lang='lat' dir='ltr'>permagni</span> <span class='ocrx_word' id='word_1_58' title='bbox 551 1301 644 1349; x_wconf 83' lang='lat' dir='ltr'><strong>referre</strong></span> <span class='ocrx_word' id='word_1_59' title='bbox 655 1292 780 1361; x_wconf 54' lang='lat' dir='ltr'><strong>arbitror:</strong></span> 
     </span>
    </p>

    <p class='ocr_par' dir='ltr' id='par_1_10' title="bbox 191 1370 704 1438">
     <span class='ocr_line' id='line_1_10' title="bbox 191 1370 704 1438; baseline 0.002 -2"><span class='ocrx_word' id='word_1_60' title='bbox 191 1388 228 1436; x_wconf 75' lang='lat' dir='ltr'><strong>ut</strong></span> <span class='ocrx_word' id='word_1_61' title='bbox 237 1370 386 1436; x_wconf 60' lang='lat' dir='ltr'><strong>muranum</strong></span> <span class='ocrx_word' id='word_1_62' title='bbox 398 1389 488 1437; x_wconf 69' lang='lat' dir='ltr'><strong>uncae</strong></span> <span class='ocrx_word' id='word_1_63' title='bbox 497 1398 527 1437; x_wconf 71' lang='lat' dir='ltr'><strong>te·</strong></span> <span class='ocrx_word' id='word_1_64' title='bbox 534 1389 560 1437; x_wconf 77' lang='lat' dir='ltr'><strong>ra</strong></span> <span class='ocrx_word' id='word_1_65' title='bbox 570 1388 618 1437; x_wconf 68' lang='lat' dir='ltr'><strong>aar</strong></span> <span class='ocrx_word' id='word_1_66' title='bbox 629 1373 704 1438; x_wconf 59' lang='lat' dir='ltr'><strong>aare(</strong></span> 
     </span>
    </p>

    <p class='ocr_par' dir='ltr' id='par_1_11' title="bbox 190 1476 996 1628">
     <span class='ocr_line' id='line_1_11' title="bbox 190 1476 996 1539; baseline 0.004 -16"><span class='ocrx_word' id='word_1_67' title='bbox 190 1476 257 1525; x_wconf 82' lang='lat' dir='ltr'><strong>Men.</strong></span> <span class='ocrx_word' id='word_1_68' title='bbox 274 1477 339 1531; x_wconf 83' lang='lat' dir='ltr'>Quid</span> <span class='ocrx_word' id='word_1_69' title='bbox 351 1476 457 1525; x_wconf 84' lang='lat' dir='ltr'><strong>faciam?</strong></span> <span class='ocrx_word' id='word_1_70' title='bbox 496 1478 539 1525; x_wconf 83' lang='lat' dir='ltr'><strong>Clr.</strong></span> <span class='ocrx_word' id='word_1_71' title='bbox 557 1476 658 1531; x_wconf 84' lang='lat' dir='ltr'><strong>Quidvis</strong></span> <span class='ocrx_word' id='word_1_72' title='bbox 676 1477 767 1539; x_wconf 83' lang='lat' dir='ltr'><strong>potius,</strong></span> <span class='ocrx_word' id='word_1_73' title='bbox 789 1492 860 1538; x_wconf 83' lang='lat' dir='ltr'><strong>quam</strong></span> <span class='ocrx_word' id='word_1_74' title='bbox 874 1477 940 1539; x_wconf 90' lang='lat' dir='ltr'><strong>quod</strong></span> <span class='ocrx_word' id='word_1_75' title='bbox 952 1489 996 1526; x_wconf 88' lang='lat' dir='ltr'><strong>co·</strong></span> 
     </span>
     <span class='ocr_line' id='line_1_12' title="bbox 254 1564 372 1628; baseline 0.017 -2"><span class='ocrx_word' id='word_1_76' title='bbox 254 1564 335 1628; x_wconf 60' lang='lat' dir='ltr'><strong>citam</strong></span> <span class='ocrx_word' id='word_1_77' title='bbox 367 1578 372 1585; x_wconf 85' lang='lat'><em>&#39;</em></span> 
     </span>
    </p>

    <p class='ocr_par' dir='ltr' id='par_1_12' title="bbox 191 1654 835 1718">
     <span class='ocr_line' id='line_1_13' title="bbox 191 1654 835 1718; baseline 0.006 -16"><span class='ocrx_word' id='word_1_78' title='bbox 191 1656 238 1703; x_wconf 93' lang='lat' dir='ltr'><strong>Per</strong></span> <span class='ocrx_word' id='word_1_79' title='bbox 250 1654 327 1703; x_wconf 87' lang='lat' dir='ltr'><strong>alium</strong></span> <span class='ocrx_word' id='word_1_80' title='bbox 339 1656 448 1718; x_wconf 80' lang='lat' dir='ltr'><strong>quemvis</strong></span> <span class='ocrx_word' id='word_1_81' title='bbox 458 1664 488 1706; x_wconf 90' lang='lat' dir='ltr'><strong>ut</strong></span> <span class='ocrx_word' id='word_1_82' title='bbox 498 1657 553 1706; x_wconf 83' lang='lat' dir='ltr'><strong>des:</strong></span> <span class='ocrx_word' id='word_1_83' title='bbox 571 1657 625 1706; x_wconf 83' lang='lat' dir='ltr'><strong>falli</strong></span> <span class='ocrx_word' id='word_1_84' title='bbox 638 1665 662 1707; x_wconf 88' lang='lat' dir='ltr'><strong>te</strong></span> <span class='ocrx_word' id='word_1_85' title='bbox 674 1656 739 1706; x_wconf 80' lang='lat' dir='ltr'><strong>sinas</strong></span> <span class='ocrx_word' id='word_1_86' title='bbox 833 1658 835 1663; x_wconf 80' lang='grc'><strong>“</strong></span> 
     </span>
    </p>

    <p class='ocr_par' dir='ltr' id='par_1_13' title="bbox 189 1743 839 1811">
     <span class='ocr_line' id='line_1_14' title="bbox 189 1743 839 1811; baseline 0.003 -20"><span class='ocrx_word' id='word_1_87' title='bbox 189 1743 296 1793; x_wconf 80' lang='lat' dir='ltr'>Technis</span> <span class='ocrx_word' id='word_1_88' title='bbox 307 1758 349 1807; x_wconf 88' lang='lat' dir='ltr'><strong>per</strong></span> <span class='ocrx_word' id='word_1_89' title='bbox 360 1746 500 1795; x_wconf 84' lang='lat' dir='ltr'><strong>servolum:</strong></span> <span class='ocrx_word' id='word_1_90' title='bbox 518 1747 564 1795; x_wconf 83' lang='lat' dir='ltr'><strong>etsi</strong></span> <span class='ocrx_word' id='word_1_91' title='bbox 575 1746 688 1811; x_wconf 78' lang='lat' dir='ltr'><strong>subsensi</strong></span> <span class='ocrx_word' id='word_1_92' title='bbox 696 1745 722 1795; x_wconf 91' lang='lat' dir='ltr'><strong>id</strong></span> <span class='ocrx_word' id='word_1_93' title='bbox 732 1760 839 1807; x_wconf 88' lang='lat' dir='ltr'><strong>quoque,</strong></span> 
     </span>
    </p>

    <p class='ocr_par' dir='ltr' id='par_1_14' title="bbox 191 1833 816 1896">
     <span class='ocr_line' id='line_1_15' title="bbox 191 1833 816 1896; baseline 0.005 -16"><span class='ocrx_word' id='word_1_94' title='bbox 191 1834 251 1882; x_wconf 87' lang='lat' dir='ltr'><strong>lllos</strong></span> <span class='ocrx_word' id='word_1_95' title='bbox 262 1833 296 1883; x_wconf 90' lang='lat' dir='ltr'><strong>ibi</strong></span> <span class='ocrx_word' id='word_1_96' title='bbox 308 1848 372 1893; x_wconf 85' lang='lat' dir='ltr'><strong>esse,</strong></span> <span class='ocrx_word' id='word_1_97' title='bbox 384 1842 409 1883; x_wconf 90' lang='lat' dir='ltr'><strong>et</strong></span> <span class='ocrx_word' id='word_1_98' title='bbox 421 1834 446 1882; x_wconf 94' lang='lat' dir='ltr'><strong>id</strong></span> <span class='ocrx_word' id='word_1_99' title='bbox 457 1849 527 1896; x_wconf 79' lang='lat' dir='ltr'><strong>agere</strong></span> <span class='ocrx_word' id='word_1_100' title='bbox 537 1835 602 1883; x_wconf 89' lang='lat' dir='ltr'><strong>inter</strong></span> <span class='ocrx_word' id='word_1_101' title='bbox 614 1850 640 1884; x_wconf 85' lang='lat' dir='ltr'><strong>se</strong></span> <span class='ocrx_word' id='word_1_102' title='bbox 652 1836 800 1885; x_wconf 87' lang='lat' dir='ltr'><strong>clanculum.</strong></span> <span class='ocrx_word' id='word_1_103' title='bbox 814 1876 816 1883; x_wconf 17' lang='grc' dir='ltr'><em>Α</em></span> 
     </span>
    </p>

    <p class='ocr_par' dir='ltr' id='par_1_15' title="bbox 191 1903 817 1988">
     <span class='ocr_line' id='line_1_16' title="bbox 191 1903 817 1988; baseline 0.005 -15"><span class='ocrx_word' id='word_1_104' title='bbox 191 1925 266 1988; x_wconf 86' lang='lat' dir='ltr'><strong>Syrus</strong></span> <span class='ocrx_word' id='word_1_105' title='bbox 276 1903 389 1974; x_wconf 84' lang='lat' dir='ltr'><strong>camillo</strong></span> <span class='ocrx_word' id='word_1_106' title='bbox 399 1934 481 1975; x_wconf 86' lang='lat' dir='ltr'><strong>vestro</strong></span> <span class='ocrx_word' id='word_1_107' title='bbox 491 1933 666 1975; x_wconf 78' lang='lat' dir='ltr'><strong>consusurratr</strong></span> <span class='ocrx_word' id='word_1_108' title='bbox 685 1926 817 1976; x_wconf 81' lang='lat' dir='ltr'><strong>conferunt</strong></span> 
     </span>
    </p>

    <p class='ocr_par' dir='ltr' id='par_1_16' title="bbox 193 2013 708 2078">
     <span class='ocr_line' id='line_1_17' title="bbox 193 2013 708 2078; baseline 0.004 -15"><span class='ocrx_word' id='word_1_109' title='bbox 193 2013 303 2064; x_wconf 88' lang='lat' dir='ltr'><strong>Consilia</strong></span> <span class='ocrx_word' id='word_1_110' title='bbox 314 2014 480 2064; x_wconf 77' lang='lat' dir='ltr'><strong>adolescentes</strong></span> <span class='ocrx_word' id='word_1_111' title='bbox 491 2037 497 2065; x_wconf 73' lang='grc' dir='ltr'>ι</span> <span class='ocrx_word' id='word_1_112' title='bbox 516 2024 541 2065; x_wconf 90' lang='lat' dir='ltr'><strong>et</strong></span> <span class='ocrx_word' id='word_1_113' title='bbox 551 2017 595 2065; x_wconf 92' lang='lat' dir='ltr'><strong>tibi</strong></span> <span class='ocrx_word' id='word_1_114' title='bbox 607 2015 708 2078; x_wconf 81' lang='lat' dir='ltr'><strong>perdere</strong></span> 
     </span>
    </p>

    <p class='ocr_par' dir='ltr' id='par_1_17' title="bbox 190 2104 942 2168">
     <span class='ocr_line' id='line_1_18' title="bbox 190 2104 942 2168; baseline 0.003 -16"><span class='ocrx_word' id='word_1_115' title='bbox 190 2105 322 2152; x_wconf 83' lang='lat' dir='ltr'><strong>Talentum</strong></span> <span class='ocrx_word' id='word_1_116' title='bbox 334 2104 381 2154; x_wconf 91' lang='lat' dir='ltr'><strong>hoc</strong></span> <span class='ocrx_word' id='word_1_117' title='bbox 392 2112 464 2168; x_wconf 84' lang='lat' dir='ltr'><strong>pacto</strong></span> <span class='ocrx_word' id='word_1_118' title='bbox 475 2105 551 2154; x_wconf 82' lang='lat' dir='ltr'><strong>satius</strong></span> <span class='ocrx_word' id='word_1_119' title='bbox 560 2112 609 2165; x_wconf 89' lang='lat' dir='ltr'><strong>est,</strong></span> <span class='ocrx_word' id='word_1_120' title='bbox 619 2119 691 2167; x_wconf 89' lang='lat' dir='ltr'><strong>quam</strong></span> <span class='ocrx_word' id='word_1_121' title='bbox 704 2105 748 2154; x_wconf 90' lang='lat' dir='ltr'><strong>illo</strong></span> <span class='ocrx_word' id='word_1_122' title='bbox 761 2105 866 2155; x_wconf 71' lang='lat' dir='ltr'><strong>minam:</strong></span> <span class='ocrx_word' id='word_1_123' title='bbox 939 2161 942 2168; x_wconf 19' lang='grc' dir='ltr'><strong>Α</strong></span> 
     </span>
    </p>

    <p class='ocr_par' dir='ltr' id='par_1_18' title="bbox 192 2194 865 2258">
     <span class='ocr_line' id='line_1_19' title="bbox 192 2194 865 2258; baseline 0.003 -16"><span class='ocrx_word' id='word_1_124' title='bbox 192 2195 250 2242; x_wconf 87' lang='grc' dir='ltr'>Νοιι</span> <span class='ocrx_word' id='word_1_125' title='bbox 259 2209 325 2242; x_wconf 90' lang='lat' dir='ltr'><strong>nunc</strong></span> <span class='ocrx_word' id='word_1_126' title='bbox 335 2194 365 2243; x_wconf 90' lang='lat' dir='ltr'><strong>de</strong></span> <span class='ocrx_word' id='word_1_127' title='bbox 373 2194 478 2255; x_wconf 80' lang='lat' dir='ltr'><strong>pecunia</strong></span> <span class='ocrx_word' id='word_1_128' title='bbox 488 2194 583 2255; x_wconf 74' lang='lat' dir='ltr'><strong>agitur:</strong></span> <span class='ocrx_word' id='word_1_129' title='bbox 601 2194 645 2244; x_wconf 92' lang='lat' dir='ltr'><strong>sed</strong></span> <span class='ocrx_word' id='word_1_130' title='bbox 657 2195 729 2254; x_wconf 88' lang='lat' dir='ltr'><strong>illud,</strong></span> <span class='ocrx_word' id='word_1_131' title='bbox 741 2195 865 2258; x_wconf 88' lang='lat' dir='ltr'><strong>quomodo</strong></span> 
     </span>
    </p>

    <p class='ocr_par' dir='ltr' id='par_1_19' title="bbox 191 2283 753 2346">
     <span class='ocr_line' id='line_1_20' title="bbox 191 2283 753 2346; baseline 0 -13"><span class='ocrx_word' id='word_1_132' title='bbox 191 2284 298 2333; x_wconf 88' lang='lat' dir='ltr'><strong>Minimo</strong></span> <span class='ocrx_word' id='word_1_133' title='bbox 307 2283 415 2346; x_wconf 82' lang='lat' dir='ltr'><strong>periculo</strong></span> <span class='ocrx_word' id='word_1_134' title='bbox 427 2283 453 2332; x_wconf 94' lang='lat' dir='ltr'><strong>id</strong></span> <span class='ocrx_word' id='word_1_135' title='bbox 464 2284 550 2333; x_wconf 89' lang='lat' dir='ltr'><strong>demus</strong></span> <span class='ocrx_word' id='word_1_136' title='bbox 561 2284 753 2333; x_wconf 89' lang='lat' dir='ltr'><strong>adolescentulo.</strong></span> 
     </span>
    </p>

    <p class='ocr_par' dir='ltr' id='par_1_20' title="bbox 194 2373 807 2433">
     <span class='ocr_line' id='line_1_21' title="bbox 194 2373 807 2433; baseline -0.002 -11"><span class='ocrx_word' id='word_1_137' title='bbox 194 2375 259 2422; x_wconf 90' lang='lat' dir='ltr'><strong>Nam</strong></span> <span class='ocrx_word' id='word_1_138' title='bbox 270 2373 290 2422; x_wconf 91' lang='lat' dir='ltr'><strong>si</strong></span> <span class='ocrx_word' id='word_1_139' title='bbox 302 2374 378 2422; x_wconf 88' lang='lat' dir='ltr'><strong>semel</strong></span> <span class='ocrx_word' id='word_1_140' title='bbox 389 2380 458 2422; x_wconf 91' lang='lat' dir='ltr'><strong>tuum</strong></span> <span class='ocrx_word' id='word_1_141' title='bbox 470 2373 579 2421; x_wconf 86' lang='lat' dir='ltr'><strong>animum</strong></span> <span class='ocrx_word' id='word_1_142' title='bbox 591 2373 635 2421; x_wconf 87' lang='lat' dir='ltr'><strong>ille</strong></span> <span class='ocrx_word' id='word_1_143' title='bbox 647 2373 807 2433; x_wconf 82' lang='lat' dir='ltr'><strong>intellexerit,</strong></span> 
     </span>
    </p>

    <p class='ocr_par' dir='ltr' id='par_1_21' title="bbox 194 2463 752 2527">
     <span class='ocr_line' id='line_1_22' title="bbox 194 2463 752 2527; baseline 0 -15"><span class='ocrx_word' id='word_1_144' title='bbox 194 2463 265 2513; x_wconf 83' lang='lat' dir='ltr'><strong>Prius</strong></span> <span class='ocrx_word' id='word_1_145' title='bbox 275 2464 430 2527; x_wconf 85' lang='lat' dir='ltr'><strong>proditurum</strong></span> <span class='ocrx_word' id='word_1_146' title='bbox 438 2471 463 2512; x_wconf 84' lang='lat' dir='ltr'><strong>te</strong></span> <span class='ocrx_word' id='word_1_147' title='bbox 474 2471 542 2512; x_wconf 83' lang='lat' dir='ltr'><strong>trram</strong></span> <span class='ocrx_word' id='word_1_148' title='bbox 552 2464 638 2523; x_wconf 88' lang='lat' dir='ltr'><strong>vitam,</strong></span> <span class='ocrx_word' id='word_1_149' title='bbox 651 2472 676 2511; x_wconf 89' lang='lat' dir='ltr'><strong>et</strong></span> <span class='ocrx_word' id='word_1_150' title='bbox 685 2463 752 2526; x_wconf 86' lang='lat' dir='ltr'><strong>prius</strong></span> 
     </span>
    </p>

    <p class='ocr_par' dir='ltr' id='par_1_22' title="bbox 193 2550 912 2614">
     <span class='ocr_line' id='line_1_23' title="bbox 193 2550 912 2614; baseline -0.001 -11"><span class='ocrx_word' id='word_1_151' title='bbox 193 2553 326 2603; x_wconf 88' lang='lat' dir='ltr'><strong>Pecuniam</strong></span> <span class='ocrx_word' id='word_1_152' title='bbox 337 2567 446 2613; x_wconf 90' lang='lat' dir='ltr'><strong>omnem,</strong></span> <span class='ocrx_word' id='word_1_153' title='bbox 458 2567 531 2614; x_wconf 86' lang='lat' dir='ltr'><strong>quam</strong></span> <span class='ocrx_word' id='word_1_154' title='bbox 543 2554 585 2603; x_wconf 87' lang='lat' dir='ltr'><strong>abs</strong></span> <span class='ocrx_word' id='word_1_155' title='bbox 595 2561 620 2601; x_wconf 81' lang='lat' dir='ltr'><strong>tc</strong></span> <span class='ocrx_word' id='word_1_156' title='bbox 632 2553 729 2600; x_wconf 86' lang='lat' dir='ltr'><strong>amittas</strong></span> <span class='ocrx_word' id='word_1_157' title='bbox 739 2551 834 2601; x_wconf 81' lang='lat' dir='ltr'><strong>filium:</strong></span> <span class='ocrx_word' id='word_1_158' title='bbox 852 2550 912 2602; x_wconf 84' lang='lat' dir='ltr'><strong>huit</strong></span> 
     </span>
    </p>

    <p class='ocr_par' dir='ltr' id='par_1_23' title="bbox 192 2641 821 2704">
     <span class='ocr_line' id='line_1_24' title="bbox 192 2641 821 2704; baseline -0.005 -12"><span class='ocrx_word' id='word_1_159' title='bbox 192 2646 316 2699; x_wconf 80' lang='lat' dir='ltr'><strong>Quantam</strong></span> <span class='ocrx_word' id='word_1_160' title='bbox 327 2643 460 2692; x_wconf 74' lang='lat' dir='ltr'><strong>fenestram</strong></span> <span class='ocrx_word' id='word_1_161' title='bbox 471 2643 502 2691; x_wconf 91' lang='lat' dir='ltr'><strong>ad</strong></span> <span class='ocrx_word' id='word_1_162' title='bbox 513 2642 646 2704; x_wconf 87' lang='lat' dir='ltr'><strong>nequitiem</strong></span> <span class='ocrx_word' id='word_1_163' title='bbox 658 2641 821 2704; x_wconf 73' lang='lat' dir='ltr'><strong>patefeceris?</strong></span> 
     </span>
    </p>

    <p class='ocr_par' dir='ltr' id='par_1_24' title="bbox 192 2730 757 2795">
     <span class='ocr_line' id='line_1_25' title="bbox 192 2730 757 2795; baseline -0.007 -13"><span class='ocrx_word' id='word_1_164' title='bbox 192 2733 251 2782; x_wconf 80' lang='lat' dir='ltr'><strong>&#39;libi</strong></span> <span class='ocrx_word' id='word_1_165' title='bbox 261 2740 344 2781; x_wconf 88' lang='lat' dir='ltr'><strong>autem</strong></span> <span class='ocrx_word' id='word_1_166' title='bbox 355 2745 431 2795; x_wconf 89' lang='lat' dir='ltr'><strong>porro</strong></span> <span class='ocrx_word' id='word_1_167' title='bbox 441 2739 470 2780; x_wconf 90' lang='lat' dir='ltr'><strong>ut</strong></span> <span class='ocrx_word' id='word_1_168' title='bbox 481 2745 531 2779; x_wconf 89' lang='lat' dir='ltr'><strong>non</strong></span> <span class='ocrx_word' id='word_1_169' title='bbox 543 2732 577 2780; x_wconf 90' lang='lat' dir='ltr'><strong>sit</strong></span> <span class='ocrx_word' id='word_1_170' title='bbox 587 2745 659 2779; x_wconf 87' lang='lat' dir='ltr'><strong>suave</strong></span> <span class='ocrx_word' id='word_1_171' title='bbox 669 2730 757 2778; x_wconf 87' lang='lat' dir='ltr'><strong>vivere.</strong></span> 
     </span>
    </p>

    <p class='ocr_par' dir='ltr' id='par_1_25' title="bbox 193 2819 702 2871">
     <span class='ocr_line' id='line_1_26' title="bbox 193 2819 702 2871; baseline -0.01 0"><span class='ocrx_word' id='word_1_172' title='bbox 193 2825 258 2871; x_wconf 91' lang='lat' dir='ltr'><strong>Nam</strong></span> <span class='ocrx_word' id='word_1_173' title='bbox 269 2821 404 2870; x_wconf 85' lang='lat' dir='ltr'><strong>deteriores</strong></span> <span class='ocrx_word' id='word_1_174' title='bbox 414 2834 499 2868; x_wconf 74' lang='lat' dir='ltr'><strong>omnes</strong></span> <span class='ocrx_word' id='word_1_175' title='bbox 510 2820 583 2868; x_wconf 86' lang='lat' dir='ltr'><strong>limus</strong></span> <span class='ocrx_word' id='word_1_176' title='bbox 594 2819 702 2869; x_wconf 88' lang='lat' dir='ltr'><strong>licentia.</strong></span> 
     </span>
    </p>

    <p class='ocr_par' dir='ltr' id='par_1_26' title="bbox 194 2905 883 2973">
     <span class='ocr_line' id='line_1_27' title="bbox 194 2905 883 2973; baseline -0.009 -13"><span class='ocrx_word' id='word_1_177' title='bbox 194 2912 362 2973; x_wconf 84' lang='lat' dir='ltr'><strong>Quodcunque</strong></span> <span class='ocrx_word' id='word_1_178' title='bbox 373 2908 487 2960; x_wconf 88' lang='lat' dir='ltr'><strong>inciderit</strong></span> <span class='ocrx_word' id='word_1_179' title='bbox 497 2908 524 2956; x_wconf 90' lang='lat' dir='ltr'><strong>in</strong></span> <span class='ocrx_word' id='word_1_180' title='bbox 536 2916 655 2968; x_wconf 89' lang='lat' dir='ltr'><strong>mentem,</strong></span> <span class='ocrx_word' id='word_1_181' title='bbox 666 2908 731 2956; x_wconf 83' lang='lat' dir='ltr'><strong>volet</strong></span> <span class='ocrx_word' id='word_1_182' title='bbox 742 2928 748 2957; x_wconf 72' lang='grc' dir='ltr'>ι</span> <span class='ocrx_word' id='word_1_183' title='bbox 767 2920 846 2969; x_wconf 90' lang='lat' dir='ltr'><strong>neque</strong></span> <span class='ocrx_word' id='word_1_184' title='bbox 858 2905 883 2955; x_wconf 93' lang='lat' dir='ltr'><strong>id</strong></span> 
     </span>
    </p>

    <p class='ocr_par' dir='ltr' id='par_1_27' title="bbox 195 2998 787 3064">
     <span class='ocr_line' id='line_1_28' title="bbox 195 2998 787 3064; baseline -0.01 -12"><span class='ocrx_word' id='word_1_185' title='bbox 195 3002 292 3052; x_wconf 83' lang='lat' dir='ltr'><strong>Putabit</strong></span> <span class='ocrx_word' id='word_1_186' title='bbox 301 3015 415 3064; x_wconf 83' lang='lat' dir='ltr'><strong>pravom,</strong></span> <span class='ocrx_word' id='word_1_187' title='bbox 425 3014 456 3049; x_wconf 87' lang='lat' dir='ltr'><strong>an</strong></span> <span class='ocrx_word' id='word_1_188' title='bbox 467 3006 560 3048; x_wconf 86' lang='lat' dir='ltr'><strong>rectum</strong></span> <span class='ocrx_word' id='word_1_189' title='bbox 569 2999 626 3059; x_wconf 90' lang='lat' dir='ltr'><strong>siet,</strong></span> <span class='ocrx_word' id='word_1_190' title='bbox 637 2998 703 3060; x_wconf 86' lang='lat' dir='ltr'><strong>quod</strong></span> <span class='ocrx_word' id='word_1_191' title='bbox 714 3005 787 3060; x_wconf 84' lang='lat' dir='ltr'><strong>petet.</strong></span> 
     </span>
    </p>

    <p class='ocr_par' dir='ltr' id='par_1_28' title="bbox 193 3087 760 3155">
     <span class='ocr_line' id='line_1_29' title="bbox 193 3087 760 3155; baseline -0.012 -13"><span class='ocrx_word' id='word_1_192' title='bbox 193 3095 234 3142; x_wconf 81' lang='lat' dir='ltr'><strong>&#39;l&#39;u</strong></span> <span class='ocrx_word' id='word_1_193' title='bbox 244 3108 297 3142; x_wconf 87' lang='lat' dir='ltr'><strong>rem</strong></span> <span class='ocrx_word' id='word_1_194' title='bbox 309 3092 401 3155; x_wconf 83' lang='lat' dir='ltr'><strong>perire,</strong></span> <span class='ocrx_word' id='word_1_195' title='bbox 412 3097 437 3139; x_wconf 86' lang='lat' dir='ltr'><strong>et</strong></span> <span class='ocrx_word' id='word_1_196' title='bbox 447 3089 527 3153; x_wconf 86' lang='lat' dir='ltr'><strong>ipsum</strong></span> <span class='ocrx_word' id='word_1_197' title='bbox 539 3103 589 3137; x_wconf 85' lang='lat' dir='ltr'><strong>non</strong></span> <span class='ocrx_word' id='word_1_198' title='bbox 599 3087 691 3152; x_wconf 85' lang='lat' dir='ltr'><strong>poteris</strong></span> <span class='ocrx_word' id='word_1_199' title='bbox 701 3087 760 3151; x_wconf 87' lang='lat' dir='ltr'><strong>pati.</strong></span> 
     </span>
    </p>

    <p class='ocr_par' dir='ltr' id='par_1_29' title="bbox 196 3178 683 3246">
     <span class='ocr_line' id='line_1_30' title="bbox 196 3178 683 3246; baseline -0.01 -14"><span class='ocrx_word' id='word_1_200' title='bbox 196 3186 261 3234; x_wconf 87' lang='lat' dir='ltr'><strong>Dare</strong></span> <span class='ocrx_word' id='word_1_201' title='bbox 272 3181 414 3246; x_wconf 75' lang='lat' dir='ltr'><strong>denegaris:</strong></span> <span class='ocrx_word' id='word_1_202' title='bbox 432 3180 478 3231; x_wconf 85' lang='lat' dir='ltr'><strong>ibit</strong></span> <span class='ocrx_word' id='word_1_203' title='bbox 488 3180 519 3230; x_wconf 86' lang='lat' dir='ltr'><strong>ed</strong></span> <span class='ocrx_word' id='word_1_204' title='bbox 530 3179 593 3230; x_wconf 89' lang='lat' dir='ltr'><strong>illud</strong></span> <span class='ocrx_word' id='word_1_205' title='bbox 603 3178 683 3240; x_wconf 90' lang='lat' dir='ltr'><strong>illico,</strong></span> 
     </span>
    </p>
   </div>
   <div class='ocr_carea' id='block_1_3' title="bbox 0 0 1242 3800">
    <p class='ocr_par' dir='ltr' id='par_1_30' title="bbox 0 0 1242 3800">
     <span class='ocr_line' id='line_1_31' title="bbox 0 0 1242 3800; baseline 0 0"><span class='ocrx_word' id='word_1_206' title='bbox 0 0 1242 3800; x_wconf 95' lang='lat' dir='ltr'><strong> </strong></span> 
     </span>
    </p>
   </div>
  </div>
 </body>
</html>
