2459 3800
240 419 270 465 14
466 419 494 466 Ρ.
510 417 672 468 TERENTH
689 415 827 466 ANoltlA.

164 547 167 555 '
233 555 316 618 Ipsum
337 553 447 604 animum
466 563 584 617 aegrotum
601 555 633 604 ad
649 554 797 604 deteriorem
817 561 910 618 partem
931 557 1042 619 plerum·

298 658 346 707 que
357 644 471 708 applicat.

232 736 298 783 Dor.
316 736 372 784 Non
387 735 471 784 hercle
480 733 600 796 intelligo.
634 736 670 784 Si.
688 736 762 783 Non?
781 735 848 783 henr.
881 736 948 784 Dav.
962 738 1037 786 Non:

299 827 380 874 Davus
392 838 458 884 sum,
472 837 521 872 non
533 822 649 886 OEdipus.

232 917 267 964 Si.
285 916 379 976 Nempe
388 927 446 974 ergo
457 919 539 976 aperte
556 912 603 974 vis,
612 927 667 974 quae
679 920 781 974 restant,
793 927 833 963 me
841 902 937 976 loqui?
973 917 1042 965 Dav.

297 1004 362 1052 Sane
372 1000 479 1064 quidem.

233 1091 313 1142 st'Si
326 1105 428 1140 sensero
438 1091 512 1140 hodie
524 1090 655 1154 quicquam
669 1091 695 1140 in
707 1092 748 1141 his
759 1100 785 1142 te
797 1093 890 1157 nuptiis

232 1179 346 1230 Fallaciae
357 1181 452 1241 conari,
462 1195 511 1243 quo
523 1181 584 1230 fiant
596 1180 696 1245 minus3
876 1172 881 1182 ⁸

231 1273 283 1318 Aut
293 1269 392 1319 velleio
404 1284 432 1318 en
445 1283 472 1318 re
483 1269 590 1331 ostendi,
603 1283 677 1332 quarn
685 1269 719 1320 sis
730 1270 848 1322 callidus:

233 1358 383 1408 Verberibus
393 1372 482 1408 caeeum
495 1366 531 1420 te,
541 1361 619 1421 Dare,
632 1359 656 1406 in
668 1358 800 1422 pistrinum
811 1359 900 1408 dedam
916 1375 994 1422 usque
1009 1361 1041 1410 ad

298 1461 395 1508 necem,
509 1513 512 1518 ἱ

232 1541 269 1589 Ea
281 1539 334 1601 lege
345 1547 418 1603 atque
436 1539 530 1602 omine,
540 1548 578 1600 ut,
595 1539 616 1590 si
628 1547 653 1588 te
671 1539 729 1589 inde
740 1538 887 1602 exemerim,
897 1553 943 1601 ego
953 1553 999 1602 pro
1010 1545 1037 1586 te

299 1631 399 1679 molem.

232 1716 318 1772 Quid?
339 1719 386 1767 hoc
398 1718 566 1768 intellextin’?
586 1718 736 1767 annondum
744 1718 909 1768 etiamnehoc
921 1717 1038 1780 quidem?

297 1808 365 1856 Deo.
382 1809 437 1856 lmo
445 1807 546 1856 callide:

149 1929 154 1935 -
234 1881 508 1960 lta'aperteipsamrem
516 1895 1041 1965 modolocutus‚nihileircnitioneususes.

233 1986 268 2034 Si.
298 1984 384 2033 llbiris
413 1984 509 2034 facilius
525 1997 610 2049 passus
637 1984 695 2047 sim,
719 1998 792 2047 quam
816 1986 842 2034 in
864 1987 911 2036 hoc
932 2002 970 2049 re,
999 2004 1041 2038 me

301 2074 422 2123 deludier.

231 2164 298 2211 Dae.
315 2164 386 2211 Bone
396 2164 470 2212 verba
481 2177 571 2225 quaeso.
606 2166 641 2213 Sl.
658 2163 762 2214 Irrides?
782 2164 845 2214 nihil
852 2178 892 2214 me
901 2164 968 2215 fallis
979 2188 985 2216 ε
998 2166 1050 2215 sed'
1121 2174 1127 2183 '

299 2249 355 2299 dico
366 2250 422 2311 tibi,

232 2341 271 2388 Ne
293 2346 386 2389 temere
407 2339 594 2403 fecissemque
612 2349 640 2391 tu
657 2342 724 2391 haud
742 2342 819 2407 dicas,
843 2344 889 2395 tibi
910 2360 960 2395 non
974 2360 1039 2408 prae-

299 2425 401 2479 dietum'.
420 2431 492 2479 Cave.
935 2446 939 2450 ’

456 2670 570 2723 Aeros
589 2673 609 2720 1.
643 2674 754 2724 scens
774 2676 818 2723 ιιι.

585 2790 684 2837 Divus.
744 2783 746 2786 ’

232 2900 387 2962 Enimvero,
399 2902 476 2961 Dave,
488 2899 551 2949 nihil
561 2900 645 2951 loci’st
655 2900 854 2963 segnitiaenequ'e
863 2902 992 2963 socordiae,

230 2989 355 3042 Quantum
367 2988 479 3039 intellexi
492 2990 567 3039 modo
581 2989 649 3039 senis
656 2989 804 3039 sententiam
815 2989 846 3041 de
856 2990 949 3055 nuptiis
963 3011 969 3041 z
1038 2974 1043 2979 ⁸
