2459 3800
247 435 295 483 3³4
453 435 480 482 P.
496 433 658 482 'inanimi
675 390 865 482 monnio-⁸

249 579 327 626 Hasce
345 590 415 640 esse3
433 583 461 626 ut
479 576 504 627 id
523 578 692 636 consulerem,
718 575 814 625 inseres
831 573 882 623 vita
899 580 928 622 ut
946 572 973 621 in
995 579 1049 622 mio

313 666 385 715 foret.

249 756 293 806 Oh.
311 756 383 805 Certe
391 755 496 818 aedepol,
512 755 559 805 nisi
570 769 611 804 me
622 754 720 803 animus
730 753 804 813 sanie,
821 759 866 801 sut
882 765 969 815 parum
980 764 1053 813 pros·

314 845 407 908 piciunt
416 845 492 906 oculi,

248 936 312 983 Meae
329 934 450 983 nutricem
467 941 546 994 gnotae
557 932 637 982 video.
670 934 710 980 So.
727 933 813 992 Neque
823 931 867 978 ilie
886 929 1054 991 investigatur.

317 1023 359 1071 Ch.
376 1022 442 1076 Quid
454 1023 547 1083 agam?

251 1113 290 1159 So.
308 1110 358 1165 Qui
369 1118 406 1159 est
416 1112 468 1172 ejus
485 1118 560 1173 pater.
595 1110 639 1158 Oh.
655 1109 737 1169 Adeo,
756 1123 788 1158 an
806 1110 916 1158 maneo?
936 1108 995 1157 dum
1014 1122 1055 1169 ea,
1130 1109 1146 1119 ”

315 1214 369 1262 quse
380 1199 499 1262 loquitur,
510 1200 586 1261 magis
595 1200 731 1260 cognosoo?

253 1293 293 1339 So.
311 1289 384 1344 Quod
393 1289 414 1338 si
425 1303 483 1340 eum
495 1303 560 1338 nunc
567 1287 675 1351 reperire
686 1287 790 1350 possim,
807 1286 870 1336 nihil
880 1294 919 1336 est
935 1286 1001 1349 quod
1012 1301 1055 1336 ve·

262 1353 276 1378 ⁸
317 1392 381 1428 rear.
415 1379 459 1428 Ch.
476 1379 545 1427 Es’st
556 1378 626 1440 ipss:

255 1469 396 1530 colloquar.
430 1469 470 1516 So.
488 1466 549 1521 Quis
560 1465 601 1515 hic
615 1465 743 1527 loquitur?
780 1467 824 1515 Gi.
842 1465 994 1530 Sophrona..
1015 1469 1057 1516 So.

317 1559 351 1607 Et
361 1571 443 1606 meum
455 1570 544 1626 nomen
557 1555 690 1604 nominat?

255 1647 299 1695 Oh.
317 1646 516 1710 Respioeodme.
549 1648 589 1695 So.
609 1646 639 1694 Di
658 1647 762 1696 obsecro
773 1661 836 1698 vos:
855 1656 924 1698 estne
944 1647 1057 1700 hiesu]-

318 1737 385 1800 pho?
422 1738 465 1786 Gi.
483 1738 549 1786 Non.
585 1739 626 1785 So.
644 1739 746 1798 Negas?

257 1826 300 1875 Gir.
318 1825 431 1874 Concede
442 1825 499 1875 hinc
511 1839 526 1874 a
544 1824 638 1874 foribus
649 1826 776 1888 paululum
787 1825 904 1876 istorsum
915 1827 997 1888 sodes,
1010 1828 1057 1878 So·

320 1916 433 1979 phrona;

255 2006 294 2054 Ne
307 2019 346 2053 me
357 2005 418 2054 istoc
431 2005 531 2068 posthae
543 2004 643 2054 nomine
656 2005 810 2069 appellassis.
843 2008 883 2054 So.
902 2004 988 2060 Quid?
1007 2019 1059 2054 non

321 2094 467 2154 obsecroes,

256 2185 335 2237 Quem
347 2196 443 2245 semper
461 2190 485 2231 te
496 2196 550 2231 esse
569 2182 708 2232 dictitasti?
745 2184 789 2232 Gla.
806 2184 843 2232 St.
875 2184 915 2232 So·
933 2182 998 2237 Quid
1014 2183 1059 2233 has

323 2270 412 2319 metuis
423 2271 510 2320 iores?

258 2360 302 2409 Ch.
320 2359 469 2408 Conclusam
482 2359 522 2409 hic
534 2360 614 2408 habeo
622 2373 726 2409 uxorem
737 2372 842 2409 saevum:
859 2373 945 2408 verum
957 2359 1019 2409 istoc
1030 2358 1061 2408 de

323 2447 424 2497 nomine

258 2537 296 2585 Eo
307 2550 435 2599 perperam
443 2536 505 2585 olim
517 2535 580 2595 dixi,
593 2550 624 2584 ne
636 2550 679 2586 vos
691 2537 756 2585 forte
765 2537 934 2601 imprudentes
946 2536 1007 2586 ioris

257 2626 404 2686 Effutiretis‚
418 2634 490 2688 atque
502 2625 527 2675 id
537 2639 609 2689 porro
618 2626 701 2689 adque
713 2640 778 2676 uxor
787 2642 843 2675 mes
851 2626 1001 2676 rescisceret.

260 2718 300 2765 So.
317 2717 381 2764 istoc
400 2716 441 2778 pol
453 2728 498 2763 nos
509 2722 533 2762 te
544 2713 585 2763 hic
601 2714 713 2764 invenire
730 2715 826 2765 miserae
838 2728 963 2777 nunquam
980 2713 1064 2776 potui·

325 2818 389 2853 mus.

260 2894 304 2941 Gla.
321 2893 376 2940 Eho
388 2891 427 2940 dic
439 2890 512 2952 mihi,
524 2890 583 2953 quid
596 2892 633 2941 rei
644 2891 690 2940 tibi
699 2900 738 2942 est
747 2906 804 2942 cnm
818 2891 913 2941 familis
923 2892 980 2953 hnc,
998 2891 1065 2941 unde

326 2980 399 3029 exis?

262 3066 312 3119 Ubi
324 3068 373 3116 illre
383 3070 462 3117 sunt?
498 3071 538 3117 So.
556 3068 675 3117 Miseram
686 3071 744 3117 me!
782 3070 826 3118 Cis.
844 3070 920 3130 Hem,
932 3067 1062 3131 quidest?

324 3156 461 3205 viruntne?
497 3160 538 3206 So.
555 3156 717 3217 Visitgnam:
