2459 3800
163 460 169 469 “
244 457 291 505 132
324 456 352 505 Ρ.
369 456 529 507 witelmi
550 418 986 512 HBAUTONTIMOIiUMENOS.

242 593 329 645 Animi
339 602 377 643 eet
387 594 501 661 pudentis
510 594 618 657 rignum,
631 604 657 645 et
668 610 718 645 non
730 596 861 648 instrentti.

243 684 310 733 Met.
328 683 378 733 Ubi
388 683 497 747 comperi
506 698 538 733 ex
548 683 591 744 iio,
601 686 644 746 qui
654 686 678 734 ei
692 686 760 735 fuere
772 686 876 747 conscii,

243 777 350 825 Domum
362 784 472 826 revenor
482 784 594 836 moeetnn,
605 783 678 838 atque
689 777 773 825 animo
786 759 837 828 irre

243 865 399 926 perturbato,
411 873 483 927 atque
494 864 589 914 incerto
599 879 649 927 prae
660 865 820 926 aegritudine:

241 954 347 1016 Assid03
365 961 496 1003 accurrunt
507 954 588 1015 nerri3
604 968 690 1021 soccos
702 955 852 1006 detrahunt:

242 1042 321 1092 Video
331 1041 393 1091 elion
404 1043 531 1102 sentinare,
543 1044 621 1091 lecton
632 1051 755 1103 sternere,

245 1134 347 1182 Coenem
358 1144 494 1195 appareret
509 1146 555 1197 pro
566 1147 593 1181 ne
604 1134 706 1195 quisque
718 1132 805 1183 sedulo

242 1218 364 1280 Faciebat,
374 1233 423 1282 qno
434 1219 504 1269 illam
515 1220 577 1272 mihi
588 1221 697 1271 lenirent
708 1220 842 1271 miseriem.

244 1306 293 1356 Ubi
305 1306 374 1356 video
387 1308 450 1369 hren,
460 1308 524 1371 ooepi
534 1308 659 1370 cogitare:
679 1311 754 1371 Hem,
764 1318 803 1360 tot
814 1323 869 1363 mea

244 1396 326 1447 Solius
335 1398 434 1448 solliciti
444 1407 502 1449 nunt
511 1413 594 1461 muna,
605 1407 635 1448 ut
646 1414 685 1449 me
695 1414 773 1449 nnnm
785 1401 921 1465 expleant?

243 1486 349 1537 Ancillae
359 1495 397 1537 tot
409 1502 448 1537 me
457 1488 579 1539 vestiant?
599 1496 694 1538 tumtun
705 1486 773 1537 dorni

243 1578 337 1627 'l'antot
347 1592 392 1640 ego
401 1579 468 1628 tolus
479 1578 566 1627 inciam
578 1581 588 1626 ?
607 1577 651 1627 ned
661 1585 761 1639 gnatum
773 1576 883 1637 unicum,

243 1668 324 1721 Quem
335 1667 425 1729 pariter
432 1666 470 1717 uti
480 1667 519 1716 hie
530 1666 623 1727 decuit,
635 1673 678 1716 aut
689 1666 763 1715 etiem
775 1665 892 1728 amplius,

243 1754 316 1809 Quod
325 1754 368 1803 ille
378 1763 437 1804 oetne
448 1754 524 1816 megin
534 1754 565 1804 nd
575 1755 628 1805 haec
639 1754 730 1804 utenda
740 1754 871 1815 idonen'et,

243 1843 307 1891 Eum
318 1856 362 1906 ego
374 1842 432 1892 hinc
443 1842 505 1905 ejeci
516 1842 635 1893 miserum
645 1842 767 1906 injustitie
777 1856 840 1893 mee

244 1933 313 1980 Malo
324 1931 423 1993 quidem
435 1946 475 1981 me
486 1931 587 1993 dignum
597 1932 683 1994 quovis
694 1933 822 1996 deputem,

243 2021 271 2070 Sl
283 2021 308 2070 id
319 2021 416 2070 faciem:
433 2035 490 2070 nam
501 2035 578 2087 neque
588 2021 648 2070 dnm
658 2021 701 2072 ille
712 2022 786 2072 ritem
798 2022 867 2072 illam
877 2023 942 2073 colet

242 2113 354 2174 inopem,
364 2125 450 2161 carens
460 2112 540 2175 patria
550 2114 583 2162 ob
594 2126 663 2162 meae
675 2111 789 2174 injurias,

125 2218 137 2226 ·
243 2203 341 2250 intereo
349 2215 426 2282 usqne
436 2201 474 2250 illi
485 2203 516 2252 de
527 2217 568 2252 me
578 2201 726 2266 supplicium
738 2203 814 2264 dano,

241 2291 378 2351 Laborem,
388 2305 509 2353 querens,
521 2306 635 2355 pmcenn,
647 2291 685 2341 illi
695 2292 812 2342 serviens.

240 2381 279 2428 lto
290 2379 353 2429 sncio
364 2394 464 2442 prorem
475 2399 482 2428 t
500 2381 564 2430 nihil
574 2381 689 2443 relinquo
698 2380 724 2429 in
736 2380 841 2440 nedibus,

241 2469 295 2517 Nec
307 2483 359 2528 vm,
371 2483 416 2518 nec
428 2470 618 2520 vestimentum:
637 2469 730 2518 corrasi
743 2469 836 2518 omnin.

239 2557 361 2617 Annum,
372 2573 465 2619 servos,
475 2557 524 2608 nini
534 2572 588 2620 eos,
603 2559 648 2621 qui
659 2573 733 2622 opere
746 2559 839 2608 rustico

241 2647 364 2698 Faciundo
379 2649 450 2698 facile
467 2657 575 2697 tumtum
592 2656 739 2699 exercerent
755 2662 839 2709 nuum,

241 2735 331 2786 Omnin
341 2736 448 2800 produxi
458 2748 486 2786 nc
497 2735 596 2785 vendidi
607 2758 613 2786 ε
634 2736 747 2800 inscripsi
759 2735 827 2786 illico

242 2824 313 2874 AEdis
322 2825 434 2874 mercede
446 2846 452 2875 z
470 2825 539 2887 quani
549 2827 643 2874 talenta
654 2826 686 2874 nd
697 2824 835 2889 quindecim

244 2912 320 2974 coegi
330 2933 337 2962 ε
349 2927 435 2975 agrum
443 2915 509 2964 hurrc
520 2924 643 2965 mercatus
653 2930 708 2964 sum
718 2934 724 2964 ι
742 2914 782 2964 hic
792 2929 831 2964 me
840 2928 951 2964 exerceo.

245 2999 348 3050 Decrevi
358 3001 477 3065 tantisper
488 3016 528 3051 me
540 3002 622 3052 minus
634 3002 740 3064 injuriae,

246 3089 363 3153 Chreme,
375 3103 433 3142 meo
443 3097 517 3153 gnato
527 3091 620 3152 facere,
632 3092 691 3142 dum
702 3093 760 3142 tiam
773 3091 862 3142 miser:
