2459 3800
246 502 294 551 ³³0
459 506 487 555 Ρ.
502 504 664 555 TERENTH
682 502 849 557 PHORMIO.

249 648 313 696 Nom
325 646 387 696 mihi
395 646 509 698 veniebat
519 649 544 697 in
556 659 665 699 mentem
677 653 729 712 ejm
738 651 936 712 incommodum,

249 738 277 785 ln
290 736 430 787 servitutem
440 752 571 803 pauperem
580 740 609 789 ad
622 740 698 790 ditem
709 741 779 791 duri:

248 825 297 875 Sed
309 825 370 875 mihi
381 840 442 891 opus
453 835 516 888 erut,
528 837 556 878 ut
567 838 650 892 aperte
657 830 703 880 tibi
714 846 779 880 nuuc
790 832 896 892 fabuler,

249 915 436 977 Aliquunmlum
448 932 502 979 quae
513 919 621 980 offerret,
632 920 674 982 qui
683 920 844 969 dissolverem

249 1006 309 1059 Quae
321 1004 414 1054 debeo:
432 1015 457 1056 et
464 1007 539 1056 etiam
550 1022 627 1068 nunc,
640 1009 660 1058 ri
671 1010 722 1057 volt
734 1009 856 1072 Demipho

248 1094 324 1153 Dare,
336 1102 454 1156 quonium
466 1096 497 1143 ab
509 1096 555 1144 hec
566 1096 658 1160 accipio
671 1112 725 1159 qure
735 1098 858 1159 rponsu’ri
868 1095 950 1159 mihi;

249 1183 272 1229 N
275 1182 349 1231 ulium
361 1182 422 1232 mihi
432 1184 528 1245 malim,
539 1199 614 1247 quam
626 1185 715 1245 ieiune,
726 1200 831 1235 uxorem
841 1186 904 1234 duri.

249 1271 299 1320 Au.
313 1272 403 1321 Utrum
414 1272 518 1322 stultitia
528 1274 609 1322 fucere
620 1288 666 1335 ego
676 1276 753 1336 huuc,
765 1289 796 1323 an
809 1273 904 1323 melitio

248 1360 352 1423 Dicom3
370 1362 497 1422 scientem,
510 1376 541 1411 on
553 1362 746 1425 imprudentem,
755 1364 929 1413 incertumum.

248 1452 296 1499 De.
314 1450 400 1505 Quid?
420 1450 556 1501 siuuimam
575 1452 666 1502 debet?
704 1456 748 1503 Ge.
764 1455 830 1515 Ager
841 1451 1054 1517 opponitu'stpig·

314 1540 369 1588 nori

250 1628 289 1680 Ob
311 1629 394 1679 decem
416 1629 505 1691 miuus,
526 1630 615 1693 iuquit.
656 1632 704 1681 De.
721 1633 785 1694 Age,
809 1646 863 1694 nge,
881 1634 935 1693 jum
957 1631 1051 1694 ducat3

314 1719 385 1769 dabo.

251 1810 293 1857 Ge.
310 1807 429 1857 AEdiculae
440 1808 568 1858 itemsuui
580 1810 612 1857 ob
623 1809 707 1857 docem
718 1808 787 1858 alias.
821 1811 869 1859 De.
887 1809 937 1858 Hoi
947 1809 991 1858 hui
1002 1812 1009 1858 i

249 1896 401 1946 Nimium'st.
437 1897 480 1947 ou.
498 1898 537 1946 Ne
548 1898 642 1948 clama:
660 1897 737 1960 petito
748 1898 821 1948 haece
833 1913 848 1948 a
859 1915 899 1949 me
909 1900 1004 1948 decem.

251 1987 294 2034 Ge.
312 1985 392 2035 Uxori
404 1986 511 2034 emunda
523 1986 687 2035 ancillula'stz
705 1995 757 2035 tum
769 1988 880 2050 plusculo

248 2073 403 2136 Supellectile
415 2087 475 2136 opus
487 2083 524 2122 eet
537 2091 543 2120 z
562 2090 624 2138 opus
635 2083 673 2125 eet
685 2085 767 2126 sumtu
779 2077 810 2125 od
822 2077 936 2141 nuptiae:

249 2160 294 2210 His
307 2161 380 2209 rebus
392 2174 450 2210 eune
461 2176 534 2224 pone,
547 2163 637 2227 iuquit,
648 2164 731 2214 deoem
743 2164 831 2215 minuo.

247 2252 293 2298 De.
313 2249 445 2299 Sexcentas
458 2250 561 2313 proinde
571 2252 672 2301 scribito
681 2255 734 2313 iam
746 2253 809 2302 mihi
821 2253 904 2302 dicuat

248 2337 317 2387 Nihil
331 2337 363 2387 do
375 2359 381 2388 ι
400 2339 535 2402 impuratus
548 2355 587 2390 me
598 2341 642 2390 ille
652 2349 679 2391 ut
690 2341 764 2390 etium
775 2341 894 2391 irrideat?

250 2429 293 2477 cu.
311 2429 411 2490 Qumso,
422 2443 468 2490 ego
478 2427 552 2489 dabo,
564 2429 676 2490 quiesoe:
693 2438 722 2478 tu
735 2429 809 2478 modo
821 2430 888 2479 diiur

246 2519 294 2567 Fac
305 2518 412 2567 utillum
424 2518 508 2578 ducat,
528 2533 574 2566 nos
586 2533 659 2580 quam
680 2520 801 2568 volumus.
834 2520 886 2568 Au.
904 2519 952 2569 Hei
971 2519 1056 2570 mihi!

246 2610 317 2664 Geta,
330 2607 439 2658 oocidieti
448 2623 489 2656 me
500 2608 549 2657 tuis
560 2608 664 2658 fallaciis
675 2612 681 2657 !

248 2698 293 2746 ou.
308 2699 367 2746 Mea
376 2710 450 2746 cauea
461 2697 556 2758 ejicitur
567 2719 573 2747 ι
592 2712 632 2746 me
644 2699 691 2746 hoc
702 2705 740 2746 ert
749 2713 846 2760 equom
857 2698 979 2748 emittere.

248 2786 291 2834 Ge.
309 2787 435 2839 Quantum
447 2793 527 2847 potes,
539 2800 578 2834 me
586 2785 728 2848 certiorem,
737 2787 828 2850 inquii,
841 2789 907 2838 iace:

246 2872 272 2922 Si
284 2873 352 2922 illam
365 2873 434 2935 dunt,
446 2875 549 2923 honour
561 2874 656 2923 mittam
668 2895 676 2937 ;
695 2891 726 2924 ue
733 2876 843 2927 incertus
852 2877 913 2926 siem
927 2897 933 2926 :

245 2961 310 3008 Num
323 2960 359 3009 illi
370 2960 432 3010 mihi
443 2961 525 3010 dotem
538 2963 589 3021 jam
598 2963 779 3013 constituerunt
788 2964 855 3013 dare.

234 3094 237 3098 .
251 3050 294 3098 θλ.
310 3051 325 3098 J
328 3064 368 3098 am
379 3050 481 3114 aocipiat
495 3073 500 3101 :
518 3051 569 3099 illis
582 3053 711 3114 repudium
724 3053 868 3102 renuncia:

250 3139 320 3186 Hanc
330 3137 411 3187 ducat.
444 3141 493 3188 De.
511 3138 683 3202 oue'quidem
694 3141 732 3192 illi
744 3156 783 3192 reo
795 3149 876 3192 vortat
887 3141 966 3191 mule!
