2459 3800
403 496 515 546 ACTUS
533 496 577 544 lll.
611 494 767 544 scENA'v.
953 491 984 539 37

183 630 241 682 Feci
251 630 326 681 hodie
343 639 372 680 ut
388 633 486 694 fierent,
506 633 647 696 insperante
664 634 723 693 hoc,
738 639 810 694 atque
821 628 898 679 invito
911 631 984 679 Pum-

250 721 327 786 phllo.
340 724 404 772 Hem

182 812 311 866 Aslutias!
331 812 432 891 Quodsi
439 812 571 875 quiessem,
582 812 646 862 nihil
655 812 775 862 evenisset
782 811 851 861 mali.
904 813 907 818 “
944 798 947 802 ’

184 903 234 952 Sed
245 917 328 953 eccum
337 903 408 954 video
418 903 512 966 ipsum:
531 903 618 952 occidi.

185 993 288 1042 Utinam
305 993 368 1042 mihi
383 1001 448 1043 esset
461 991 553 1055 aliquid
564 993 615 1053 hic,
636 1005 685 1054 quo
701 1005 742 1040 mu
757 1005 823 1040 nunc
837 988 986 1053 precipitem

251 1085 344 1134 darem.

338 1345 342 1352 ·
408 1320 582 1371 ACTUSlll.
616 1320 726 1371 SCENA
742 1321 773 1369 V.

437 1436 602 1483 Psuuuuus.
636 1435 734 1483 stus.

186 1550 238 1599 Usi
255 1546 307 1597 illic
315 1554 352 1596 est
363 1547 452 1608 scelus,
462 1548 504 1610 qui
515 1563 554 1597 me
562 1546 685 1612 perdidit?
721 1550 788 1597 Dus.
804 1544 878 1596 Perii.
919 1548 990 1597 Pam.

250 1640 331 1700 Atque
341 1639 389 1688 hoc
401 1617 530 1699 eonfiteor,

187 1728 250 1776 lure
261 1725 323 1774 mihi
340 1725 465 1789 obtigisse,
477 1727 574 1789 quando
590 1726 751 1790 quidemtam
768 1725 909 1796 iactuum
929 1725 992 1774 nulli
1029 1754 1035 1762 ·

252 1815 351 1865 consilii
1048 1792 1056 1806 ⁶

190 1908 259 1957 Sum.
269 1906 372 1957 Servon*
385 1907 501 1955 fortunas
511 1920 577 1957 meas
589 1920 629 1955 me
639 1906 791 1958 commisisse
801 1908 866 1959 futili
879 1911 889 1957 i

188 1996 254 2058 Ergo
265 1994 370 2059 pretium
382 1996 414 2044 ob
425 1994 555 2044 stultitiam
568 1996 622 2045 fero
633 2016 638 2045 ι
655 1996 699 2044 sed
709 1996 816 2046 inultum
828 2012 954 2060 nunquam
965 1997 991 2046 id

254 2086 356 2135 auferet.

189 2176 255 2223 Duo.
273 2174 378 2234 Posthac
390 2172 540 2223 incolumem
552 2181 589 2223 sat
598 2174 650 2223 seio
661 2174 715 2225 lore
726 2190 777 2237 me,
786 2175 879 2226 nuncsi
890 2177 938 2225 hoc
948 2176 992 2225 ‹le-

253 2261 305 2311 vito
316 2262 416 2311 malum.

187 2336 268 2401 Pam,
278 2354 342 2401 Nam
354 2351 411 2415 quid
419 2366 464 2413 ego
475 2350 541 2402 nuuc
551 2352 631 2401 dicam
639 2352 722 2415 patri?
741 2356 861 2416 negabon'
868 2355 932 2404 velle
943 2370 994 2417 me,

254 2440 328 2491 modo
368 2432 392 2455 ’·

190 2528 239 2585 Qui
247 2530 305 2579 ‘sum
317 2529 451 2593 pollicitus,
459 2530 548 2580 ducere
559 2534 568 2579 ἒ
587 2545 636 2593 qus
644 2530 734 2581 fiducia
744 2531 769 2580 id
779 2532 859 2583 locere
870 2533 990 2583 sudeam?

191 2621 254 2681 Nee,
266 2618 324 2681 quid
337 2634 376 2668 me
393 2634 458 2668 nunc
473 2619 572 2681 loeium,
583 2620 642 2670 seio.
656 2659 659 2663 Δ
675 2623 741 2669 Dav.
758 2622 811 2669 Nec
826 2620 991 2684 quidemmez

256 2716 329 2771 atque
340 2709 366 2757 id
374 2723 419 2771 ago
430 2708 524 2759 sedulo.
551 2758 553 2763 ,

191 2798 277 2850 Dicam
288 2799 380 2862 aliquid
391 2801 443 2861 jam
454 2800 622 2860 inventurum,
633 2807 660 2849 ut
670 2799 727 2848 huic
739 2799 804 2847 molo
819 2798 926 2861 aliquam
936 2814 994 2863 pro·

257 2889 344 2939 ducum
356 2903 460 2939 morsm.

193 2982 264 3027 Pam.
282 2979 345 3028 Ohe.
377 2982 443 3028 Duo.
459 2976 532 3027 Visus
543 2990 606 3025 sum.
640 2978 711 3025 Pam.
728 2975 853 3037 Ehodum,
871 2976 935 3025 bone
946 2975 994 3037 vir,
1043 3042 1046 3047 Ι

259 3066 317 3130 quid
328 3067 383 3119 ais?
402 3067 483 3119 viden'
496 3080 535 3116 me
547 3064 657 3115 consiliis
668 3064 717 3114 tuis
