2459 3800
469 1053 747 1145 ANDRIA.
825 1069 830 1076 ’

521 1277 707 1288 -ι--ι--Ρ

440 1459 551 1510 ACTUS
570 1460 590 1508 l.
624 1459 735 1510 SCENA
753 1458 773 1508 Ι.

505 1601 584 1650 Sirio.
619 1602 706 1649 Sosis.

201 1740 236 1788 Si.
253 1740 307 1788 Vos
318 1738 403 1790 isthec
413 1741 479 1790 intro
490 1744 600 1793 auferte:
620 1743 692 1793 abite.
725 1741 807 1803 Sosia,

203 1827 345 1879 Adesdum:
363 1829 445 1894 paucis
456 1839 481 1880 te
492 1833 556 1882 volo.
592 1835 634 1882 So.
652 1831 751 1883 Dictum
765 1839 839 1895 puta:

204 1920 299 1983 Nempe
322 1928 351 1970 ut
370 1932 487 1972 curentur
517 1931 584 1973 recte
608 1924 670 1972 haec.
715 1926 751 1973 Si.
773 1923 828 1972 lmo
848 1921 925 1972 eliud.
967 1926 1009 1973 So.

270 2009 335 2066 Quid
349 2020 396 2073 est,

206 2100 279 2155 Quod
290 2101 335 2151 tibi
347 2117 402 2152 mes
411 2116 451 2153 ars
465 2105 561 2153 efficere
571 2104 620 2154 hoc
631 2103 710 2168 possit
717 2103 843 2167 amplius?

206 2192 241 2240 Sl.
259 2190 330 2240 Nihil
340 2191 402 2242 istae
411 2206 473 2255 opus
484 2200 523 2243 est
531 2193 622 2242 artead
633 2194 698 2242 hane
707 2207 770 2254 rem,
782 2206 856 2255 quam
864 2205 939 2256 paro:

204 2279 253 2330 Sed
263 2279 304 2340 iis,
313 2290 374 2344 quas
385 2296 481 2345 semper
492 2283 518 2331 in
528 2290 553 2332 te
561 2282 674 2331 intellexi
684 2281 755 2342 sites,

206 2369 265 2419 Fide
276 2378 302 2419 et
309 2370 484 2420 taciturnitate.
518 2374 559 2422 So.
576 2372 700 2436 Exspecto
711 2370 770 2433 quid
779 2370 849 2420 velis.

206 2462 242 2510 Sl.
260 2462 312 2522 Ego
323 2469 451 2525 postquam
461 2470 485 2511 te
494 2463 554 2524 emi,
566 2477 580 2511 a
590 2464 693 2527 parvulo
704 2471 732 2512 ut
742 2477 838 2526 semper
849 2461 894 2512 tibi

205 2551 278 2612 Apud
290 2564 330 2599 me
336 2553 404 2612 Justr
415 2560 441 2601 et
448 2552 557 2602 clemens
569 2552 646 2602 luerit
657 2551 772 2613 servitus,

207 2640 260 2690 Scis
272 2661 277 2689 ε
296 2641 354 2703 ieci,
366 2656 460 2692 eservo
471 2651 500 2692 ut
507 2656 573 2693 esses
584 2642 688 2692 libertus
697 2641 769 2703 mihi,

206 2731 340 2793 Propterea
351 2732 417 2794 quod
424 2731 546 2782 serviebas
558 2732 704 2781 liberaliter.

205 2820 279 2875 Quod
289 2821 364 2871 habui
374 2836 498 2872 summum
510 2822 629 2886 pretium,
640 2822 747 2886 persolvi
755 2820 809 2870 tibi.

206 2913 247 2959 So.
273 2911 302 2959 ln
319 2912 538 2963 memoriahabeo.
583 2915 619 2962 δι’.
637 2911 711 2961 Haud
730 2919 799 2960 muto
821 2910 922 2960 iactum.
967 2913 1008 2959 So.

272 3000 381 3051 Gaudeo.

206 3088 232 3139 Si
242 3089 286 3140 tibi
295 3091 354 3153 quid
365 3091 423 3154 ieci,
436 3100 479 3143 aut
489 3092 564 3155 facio,
574 3093 640 3156 quod
652 3092 742 3156 placet,
754 3092 834 3154 Simo,
