2459 3800
412 448 524 514 uerus
541 462 588 512 uu
621 449 731 510 scuria
743 458 776 509 11.
948 451 997 508 aaa

330 741 472 791 Somou.
505 742 645 790 Pnnrrnno.
679 741 844 789 Perrearnus.
873 799 876 806 Δ

191 855 297 906 Nnecro
307 855 366 918 quid
373 856 520 918 jamdudum
531 856 605 907 audIo
615 857 657 906 hie
668 855 814 908 tumultuari
826 854 931 906 misera:

191 946 261 995 Male
272 952 366 1007 memo,
378 961 410 995 ne
421 946 574 998 Philumene
584 948 663 1010 magis
675 949 776 997 morbus
787 946 961 1010 adgraveanat:

191 1035 298 1091 Quodte
307 1036 444 1099 AEaculapi,
453 1044 479 1087 et
487 1044 512 1086 te
522 1038 606 1099 Salus,
619 1052 650 1088 ne
662 1038 721 1101 quid
732 1037 765 1087 eit
773 1037 857 1098 hedua,
869 1050 923 1096 ouo.

191 1126 264 1174 Nunc
281 1124 314 1176 nd
330 1140 385 1176 eam
405 1126 491 1177 vinam.
523 1130 585 1178 Por.
601 1131 680 1190 Heus,
703 1130 821 1180 Sostrata.
854 1129 894 1176 So.
912 1125 994 1175 Hem!

258 1218 320 1265 Por.
336 1217 428 1266 lterum
439 1216 512 1267 iatine
522 1218 661 1268 excludere.

192 1306 233 1354 So.
250 1305 329 1356 Ehem
344 1307 478 1369 Parmeno,
496 1314 558 1357 tune
574 1305 615 1357 hic
635 1309 711 1358 erae?
731 1305 807 1371 perii!
827 1303 886 1368 quid
906 1303 995 1354 faciam

258 1394 368 1446 mieera?
565 1375 570 1387 x

193 1485 251 1534 Non
268 1485 345 1535 vinam
363 1500 467 1536 uxorem
487 1485 623 1550 Pamphili,
642 1500 700 1537 cum
720 1485 747 1534 in
765 1499 888 1549 proxumo
907 1485 948 1536 hic
964 1485 997 1536 eit

258 1579 341 1638 egra?
781 1623 785 1632 ,

192 1666 254 1714 Par.
271 1666 330 1715 Non
340 1664 415 1726 visae,
434 1679 479 1714 nec
495 1665 579 1715 mitrae
589 1663 689 1728 quidem
707 1663 803 1714 visendi
819 1677 892 1714 cauea
911 1659 998 1728 quem'-

258 1767 342 1816 quam.

193 1842 310 1906 Numqui
320 1842 437 1892 amatcui
448 1843 506 1892 odio
518 1841 585 1908 ipune
596 1849 644 1903 est,
655 1841 694 1891 bia
705 1842 785 1892 iacere
795 1843 869 1892 stulte
883 1841 945 1892 duco
957 1862 962 1891 :
1047 1891 1053 1905 ,

191 1933 313 1982 Laborem
324 1933 423 1983 inanem
433 1931 500 1997 ipsus
509 1932 585 1996 capit,
593 1940 620 1982 et
630 1932 668 1989 illi
677 1932 816 1983 molestiam
827 1934 907 1983 affert.

192 2024 259 2072 Tum
269 2030 352 2073 autem
362 2023 429 2073 filiun
441 2031 499 2073 tuus
510 2023 606 2096 introiit
615 2021 710 2083 videre,
721 2029 749 2071 ut
759 2022 835 2083 venit,
847 2022 906 2085 quid
916 2030 981 2085 agat.

192 2114 233 2162 So.
250 2112 378 2169 Quidaia!
395 2113 506 2162 anvenit
516 2112 681 2177 Pamphilus?
712 2116 772 2163 Pur.
788 2112 870 2163 Venit.
899 2114 996 2164 SoDia
1068 2132 1070 2135 ·

255 2201 360 2263 gratiam
367 2203 456 2253 habeo.
799 2264 801 2269 ,

191 2292 268 2352 Hem,
277 2292 339 2341 iatoe
349 2293 424 2342 verbo
435 2292 533 2342 animun
544 2291 605 2341 mihi
616 2291 700 2355 rediit,
712 2300 737 2342 et
748 2306 809 2342 cura
820 2307 852 2342 ex
862 2292 938 2342 corde
949 2307 994 2343 ex·

256 2381 339 2432 notuit.

191 2475 253 2522 Por.
268 2474 327 2524 dam
339 2486 370 2522 ea
379 2471 410 2522 de
421 2486 494 2522 cauta
505 2486 622 2521 maxume
633 2485 698 2520 nune
708 2471 757 2520 huc
767 2469 871 2519 introire
883 2470 942 2518 nolo
954 2490 959 2519 ι

190 2565 258 2613 Nam
269 2562 291 2613 ei
302 2562 428 2613 remittent
438 2563 561 2627 quippiam
575 2562 729 2611 Philumene
740 2560 850 2620 dolores,

193 2651 302 2703 Omnem
313 2667 367 2702 rem
378 2652 497 2713 narrabit,
509 2652 571 2712 ecio,
581 2649 701 2701 continuo
711 2650 765 2699 sola
772 2647 833 2697 soli:

192 2741 255 2796 Quae
265 2740 330 2792 inter
340 2755 384 2791 voa
394 2739 563 2801 intervenerit,
573 2740 640 2789 unde
649 2746 731 2799 ortum
742 2745 779 2787 eat
788 2735 887 2786 initium
897 2734 950 2785 irre.

192 2833 275 2893 Atque
285 2842 370 2880 eccum
388 2830 459 2883 video
475 2829 555 2894 ipeum
569 2828 668 2892 egredi:
691 2842 765 2891 quam
782 2826 859 2877 tristia
870 2826 921 2877 eet!
956 2827 997 2875 So.

260 2921 430 2985 Omignate!
860 2962 864 2972 .

193 3010 263 3060 Pam.
279 3011 338 3062 Mea
361 3020 450 3073 mater,
472 3012 547 3062 salve.
590 3014 631 3061 So.
648 3010 749 3062 Gaudeo
770 3009 868 3067 ‚venisse
891 3006 998 3057 salvom:

256 3098 348 3147 aalvan’
