2459 3800
254 483 303 531 304
464 482 492 528 P.
508 480 669 529 TERENTII
687 479 854 531 PHORMIO.

484 767 596 816 ACTUS
614 766 635 814 Ι.
668 765 778 814 SCENA
795 764 841 812 ΙΙΙ.

508 883 642 930 Aumrrro·
675 882 812 931 Primnum.

258 983 363 1033 Auuou'
379 999 432 1032 rem
449 984 552 1044 redisse,
573 990 602 1032 ut
613 981 655 1045 qui
666 981 728 1030 mihi
738 981 879 1030 consumtum
892 988 992 1044 optume
1001 979 1065 1028 velit

323 1087 387 1134 esse,
479 1057 480 1062 ¹

255 1161 377 1222 Phaedria,
389 1169 483 1225 patrem
494 1169 523 1210 ut
533 1162 703 1221 extimescam,
724 1160 767 1210 ubi
781 1159 808 1208 in
826 1167 934 1208 mentem
951 1161 1003 1219 eJus
1016 1159 1061 1207 ad·

323 1249 388 1299 venti
399 1249 485 1300 verrit?

258 1339 331 1394 Quod
343 1339 367 1388 ni
380 1339 481 1389 fuissem
493 1339 638 1400 incogitans,
657 1339 692 1388 itu
705 1354 763 1388 eum
774 1340 952 1403 exspectarem,
973 1345 1000 1386 ut
1017 1351 1062 1401 par

325 1429 381 1478 fuit.

258 1521 305 1567 Pu.
322 1518 389 1573 Quid
399 1518 522 1568 istucest?
556 1519 608 1567 An.
626 1519 745 1580 Rogitas?
764 1517 807 1581 qui
820 1526 871 1566 tam
883 1517 981 1566 audacis
1001 1515 1061 1565 iaci-

326 1609 393 1656 nuris
405 1608 466 1656 mihi
476 1608 588 1657 conscius
595 1599 652 1657 sis?

249 1687 334 1752 'Quod
347 1696 439 1746 utinam
452 1711 483 1745 ne
495 1696 639 1746 Phormioni
651 1697 676 1745 id
687 1697 789 1745 suadere
805 1697 831 1745 iu
843 1705 950 1746 mentem
962 1695 1062 1745 incidis·

327 1793 383 1847 sei3

262 1875 318 1924 Neu
331 1887 370 1923 me
380 1873 495 1937 cupidum
514 1887 544 1923 eo
555 1873 703 1937 impulisset,
723 1873 789 1938 quud
809 1873 870 1924 mihi
888 1871 1068 1938 principium'ut

326 1962 400 2010 mali!
749 2025 752 2030 Ι

262 2052 320 2100 Νοιι
340 2051 431 2114 potitus
442 2065 533 2100 essem:
552 2052 642 2101 fuisset
655 2060 708 2101 tum
730 2052 788 2101 illos
809 2050 870 2100 mihi
889 2066 953 2114 aegre
972 2050 1068 2114 aliquot

326 2139 394 2188 dies:

263 2228 297 2276 At
308 2240 359 2276 nen
369 2227 492 2277 cotidiana
501 2242 560 2276 eura
571 2228 625 2278 haeo
635 2237 734 2291 angeret
744 2228 863 2279 animum.
896 2232 943 2277 Pla.
960 2227 1051 2278 Audio.

263 2317 315 2365 Au.
332 2318 398 2365 Dum
417 2325 543 2379 exspecto,
560 2333 636 2379 quum
653 2333 712 2367 mox
724 2318 815 2379 veniat,
833 2317 875 2379 qui
892 2317 984 2367 adimat
1003 2318 1069 2367 huuc

328 2406 390 2453 mihi
401 2407 612 2456 consuetudinem.

264 2497 311 2543 Pu.
327 2495 391 2544 Aliis
409 2496 467 2558 quia
483 2497 543 2545 defit
560 2497 625 2560 quod
644 2503 737 2556 amant,
755 2498 864 2557 aegre'st:
883 2496 939 2557 tibi,
957 2496 1014 2558 quia
1024 2510 1069 2545 su·

319 2593 417 2653 perest,
430 2586 504 2635 dolet.

262 2675 356 2723 Amore
368 2676 487 2737 abundus,
500 2676 619 2740 Antipho.

265 2765 330 2813 Nam
345 2772 387 2813 tua
405 2764 504 2827 quidem
522 2766 605 2815 hercle
616 2773 684 2815 certo
703 2765 753 2815 sim
769 2766 821 2815 huuc
832 2766 969 2830 expetenda
979 2773 1070 2837 optau-

328 2853 407 2915 daque
418 2861 462 2902 est.
532 2876 535 2889 ·

264 2942 301 2989 lta
312 2954 351 2989 me
363 2941 394 2989 Di
411 2942 472 2991 bene
483 2950 576 3004 ament,
595 2950 624 2991 ut
634 2943 696 2992 mihi
706 2942 780 2992 liceat
790 2951 840 2991 tam
851 2944 904 3005 diu,
917 2944 983 3007 quud
997 2958 1066 3007 amo,

330 3028 399 3091 frui3

263 3119 321 3167 ium
332 3118 450 3183 depecisci
461 3128 541 3171 morte
553 3120 627 3185 cupio
637 3141 643 3171 z
661 3129 689 3170 tu
698 3121 815 3183 coniicito
825 3130 924 3183 caetera,
