2459 3800
421 469 532 520 aoros
550 469 583 518 n.
612 466 727 520 'scena
745 471 788 520 n·
967 449 998 520 7'5

200 611 248 665 Sed
257 593 436 662 Parmenonem
448 621 505 663 ante
516 607 607 663 o'stium
615 612 719 662 Thaidis
728 611 826 662 tristem
837 594 917 676 video,
965 593 983 599 Π

198 700 290 750 Rivalis
300 715 405 760 servum.
418 703 491 752 Salva
500 717 538 750 res
551 710 601 752 eet:
615 691 733 750 nimirum
744 702 857 751 homines
868 703 965 764 frigent.

199 791 354 840 Nebulonem
366 793 432 841 hunc
443 796 568 841 certum’et
576 791 670 841 ludere.
695 795 756 840 Par.
769 793 830 841 Hice
838 793 887 842 hoc
898 805 999 841 munere

262 877 428 929 arbitrantur
467 861 471 918 v2
500 893 503 896 ·
564 859 568 866 ¹
681 886 683 888 ·

199 967 276 1015 Suam
285 967 406 1017 Thaidem
417 983 478 1019 ease.
514 973 559 1018 Ga.
577 970 688 1019 Plurima
699 970 778 1020 salute
789 972 970 1020 Parmenonem

200 1056 330 1104 Summum
341 1071 413 1106 suum
425 1051 535 1120 impertit
546 1060 656 1107 Gnatho.
665 1059 731 1113 Quid
741 1059 840 1121 agitur?
864 1063 925 1109 Por.
943 1060 999 1109 Stu-

263 1153 312 1194 tur.
348 1149 394 1196 Gn.
410 1147 497 1196 Video.

201 1234 395 1296 Numquidnam
406 1236 472 1298 quod
484 1236 558 1296 nolis,
568 1236 657 1286 vides?
693 1239 753 1284 Por.
769 1238 814 1285 Te.
849 1237 895 1284 Gn.
911 1235 1004 1286 Credo:
1056 1265 1061 1271 »

267 1332 293 1376 at
301 1325 420 1387 numquid
429 1325 496 1374 aliud
506 1328 516 1373 ἓ

201 1421 261 1467 Par.
279 1418 328 1472 Qui
340 1417 420 1465 dum?
459 1417 504 1462 Ga.
522 1413 586 1468 Quia
604 1413 682 1462 tristis
700 1426 735 1460 es.
767 1415 828 1460 Par.
844 1409 915 1460 Nihil
933 1409 1003 1472 equi-

267 1506 331 1555 dem.
367 1505 413 1553 Ga.
430 1505 469 1552 Ne
479 1502 529 1552 sia:
548 1502 591 1550 sed
604 1500 769 1563 quidvidetur
829 1520 833 1529 ·

203 1599 257 1646 Hoc
276 1594 322 1644 tibi
341 1591 508 1655 mancipium?
550 1594 609 1640 Par.
636 1591 695 1636 Non
714 1588 807 1636 malurn
829 1585 923 1634 hercle.
959 1587 1005 1634 Ga.

266 1687 320 1735 Uro
332 1681 467 1732 hominem.
501 1683 561 1728 Par.
579 1680 615 1728 Ut
629 1679 704 1726 falsus
713 1675 790 1726 animi
801 1678 854 1725 eet!

204 1777 250 1824 Ga.
269 1776 350 1829 Quam
362 1767 409 1820 hoc'
422 1783 511 1818 munus
522 1762 622 1829 gratum
629 1765 719 1815 Thaidi
728 1762 847 1814 arbitrare
856 1765 926 1813 erae?
946 1765 1007 1812 Par.

269 1865 323 1912 Hoc
335 1874 400 1910 nunc
411 1857 482 1920 dicis,
507 1881 508 1884 ¹
627 1857 630 1862 '

202 1952 299 2014 Ejectoa
310 1951 368 1999 hinc
379 1964 439 1998 nos:
459 1948 579 1998 Omnium
589 1961 683 2006 rerum,
691 1946 764 2005 hena,
775 1942 917 1993 vicissitudo
928 1948 974 1991 est.

207 2044 252 2091 Gn.
270 2043 319 2091 Sex
330 2054 376 2101 ego
387 2034 411 2087 te
423 2034 499 2097 totos,
512 2038 645 2096 Parmeno,
662 2035 708 2083 hoe
720 2031 815 2082 menaea
828 2022 938 2096 quietam
950 2030 1006 2079 red·

270 2130 342 2180 dam:

208 2222 247 2271 Ne
257 2232 366 2279 sursum,
377 2217 492 2266 deorsum
504 2208 619 2273 cursitet,
628 2226 689 2260 nere
698 2224 777 2273 ueque
787 2209 818 2258 ad
825 2210 907 2258 lucem
914 2206 1009 2269 vigiles.

206 2306 302 2371 Ecquid
313 2308 360 2357 beo
370 2308 414 2355 te?
442 2308 502 2353 Por.
520 2303 610 2352 Men'?
631 2302 715 2364 papae!
732 2294 797 2357 ‚Gra
810 2298 851 2348 Sic
860 2298 931 2346 soleo
945 2294 1008 2345 ami·

272 2412 322 2447 cos.
355 2400 415 2445 Por.
432 2394 524 2444 Laudo.
797 2405 799 2409 ¹

209 2490 255 2538 Gn.
271 2487 377 2536 Detineo
387 2492 411 2533 te
422 2505 428 2533 r
447 2485 550 2551 fortasse
560 2488 587 2529 tu
598 2480 721 2543 profectus
731 2476 780 2525 alio
791 2475 892 2523 fueras.-

208 2583 268 2628 Par.
286 2578 418 2637 Nusquam.
449 2572 589 2621 'Gn.'1um
608 2576 637 2617 tu
660 2566 733 2629 igitur
750 2564 878 2627 paululum
896 2561 928 2610 da
948 2559 1010 2608 mihi

274 2679 372 2729 operae;
389 2664 428 2712 fac
438 2669 466 2710 ut
476 2659 591 2709 admittar
715 2706 720 2714 ,
995 2644 999 2651 ’

207 2756 248 2807 Ad
262 2754 341 2804 illam.
372 2755 433 2801 Par.
450 2752 503 2811 Age
518 2746 604 2805 modo,
627 2742 696 2792 nune'
711 2739 757 2790 tibi
773 2746 858 2804 patent
875 2739 941 2786 soree
960 2737 1010 2797 hae,

274 2842 413 2907 quiaistam
421 2838 500 2888 ducis.
938 2841 943 2846 ·

213 2936 260 2985 Ga.
276 2935 344 2985 Num
361 2943 434 2993 quem
452 2924 548 2976 evocari
566 2924 625 2973 hinc
642 2922 679 2971 rie
696 2920 780 2997 forae?
816 2917 877 2966 Par.
894 2914 953 2966 Sine
973 2912 1011 2963 bi-

277 3014 561 3082 duumhocpraetereat'r
588 3052 590 3057 .
643 3048 647 3055 .

213 3111 261 3168 Qui
273 3110 411 3163 mihi'nuuc
420 3121 471 3162 uuo
480 3105 583 3167 digitulo
594 3103 660 3154 fores
668 3098 748 3165 aperie
759 3098 908 3155 fortunatus,
933 3138 937 3146 .
