2459 3800
411 467 524 518 Acras
541 468 583 517 IV.
616 466 726 519 scrrNA
746 468 778 517 11.
952 473 998 521 159

197 610 241 659 Gt.
258 610 332 660 Unde
341 610 437 660 habea?
472 611 513 661 So.
532 613 613 666 Quam
622 610 725 659 Bacchis
732 594 816 660 ¹seeum
827 610 930 663 adduxit
939 612 999 663 ado·

258 698 433 748 leuceuuflam:
468 702 512 763 Sy.
529 702 607 749 Ham!
769 703 770 707 ’

194 785 238 834 Gla
255 786 321 841 Quid
332 801 362 836 aa
371 790 473 838 narrat?
508 792 548 837 So.
566 791 611 849 Ea,
624 790 730 838 lavatum
742 788 801 839 dum
813 789 842 851 it,
851 789 996 839 servandum

256 874 318 923 mihi
328 876 403 926 dedit.

190 960 308 1012 Animum
319 978 370 1013 nou
381 964 476 1015 adverti
486 966 610 1030 primurn:
628 967 670 1017 sed
682 975 810 1032 postquam
822 968 915 1033 aspexi,
927 968 995 1018 illico

192 1053 317 1114 cognuu:
335 1054 367 1102 ad
376 1062 401 1103 te
412 1055 510 1104 exsilui.
540 1057 582 1105 Gt.
596 1056 663 1111 Quid
675 1073 739 1107 nuuc
750 1057 884 1121 suspicare,
902 1067 945 1108 aut
955 1058 995 1107 iu-

253 1142 323 1193 venia

190 1234 227 1281 De
238 1232 301 1282 illa?
336 1236 377 1283 So.
389 1234 499 1297 Nesci03
516 1232 606 1284 nisiex
619 1235 671 1299 ipsa
682 1248 787 1296 quaeras,
798 1235 864 1285 unde
872 1236 938 1289 hune
950 1238 996 1287 ha·

252 1325 343 1385 buerit,
785 1338 788 1341 ·

190 1413 217 1463 Si
230 1412 294 1477 potis
313 1422 351 1463 est
371 1414 483 1477 reperiri
517 1417 560 1477 Sy.
580 1407 684 1476 luterii3
702 1415 757 1477 plue
769 1414 821 1477 spei
831 1414 910 1471 video,
922 1428 995 1476 quarn

253 1504 325 1552 volo:

188 1592 281 1640 Nostra
298 1598 345 1652 est,
362 1592 383 1641 si
393 1592 428 1641 ita
438 1599 483 1642 eat
518 1594 561 1641 Ch.
579 1590 678 1641 Vivitne
697 1589 751 1651 illa,
770 1590 809 1639 cui
825 1598 853 1639 tu
873 1588 991 1641 dederas?

251 1684 291 1732 So.
308 1682 406 1732 Nescio.

189 1772 232 1820 Oh.
250 1771 316 1826 Quid
326 1770 479 1821 renunciavit
486 1770 547 1820 olim
558 1772 568 1819 ἓ
594 1774 635 1820 So.
648 1770 743 1819 Fecisse
754 1769 780 1818 id
789 1769 855 1832 quod
863 1772 994 1831 jusseram.

188 1860 231 1910 Gla.
243 1862 341 1910 Nomen
350 1859 460 1910 mulieris
471 1859 533 1910 cedo
544 1859 610 1922 quod
619 1858 661 1921 rit,
675 1866 702 1908 ut
713 1866 845 1922 quaeratur.
870 1862 910 1909 Su.
923 1859 991 1910 Phil-

244 1958 306 1998 tere.
361 1939 363 1944 ’

184 2041 225 2102 Sy.
241 2039 361 2102 Ipsaeat:
380 2037 472 2086 mirum
490 2037 517 2085 ui
537 2037 581 2086 illa
601 2038 669 2087 salva
686 2046 733 2098 est,
750 2046 775 2088 et
786 2052 831 2100 ego
843 2037 913 2102 perii.
949 2039 991 2088 Oa.

248 2130 368 2190 Sostrata,

185 2219 293 2281 Sequere
303 2233 344 2267 me
354 2218 429 2267 iutro·
464 2220 505 2266 Sa.
523 2219 558 2268 Ut
569 2224 658 2280 prater
670 2229 738 2280 spem
750 2216 845 2266 evenit!
864 2231 938 2280 quam
955 2215 988 2266 ti-

246 2307 298 2357 mui
310 2309 385 2368 male,

185 2399 223 2446 Ne
245 2411 311 2447 nune
327 2397 410 2446 animo
432 2397 467 2446 ita
487 2410 553 2446 esses
577 2396 652 2456 duro,
677 2403 706 2444 ut
730 2395 789 2443 olim
815 2394 840 2443 in
866 2393 989 2454 tollendo,

183 2473 186 2476 ⁴
279 2487 393 2536 Chreme.

185 2577 228 2624 Gt.
246 2577 302 2625 Non
317 2575 375 2625 lieet
391 2575 518 2625 hominem
535 2590 589 2625 esse
606 2589 670 2639 sape
681 2573 718 2624 ita
736 2580 762 2623 ut
772 2571 869 2633 volt,ai
887 2585 987 2620 resnou

245 2665 318 2716 sinit:

183 2757 256 2804 Nune
272 2753 307 2805 ita
322 2763 419 2821 tempus
438 2762 475 2807 eat
485 2755 558 2818 mihi,
578 2764 607 2806 ut
625 2752 721 2818 cupiam
732 2751 827 2801 filiam:
845 2749 905 2799 olim
925 2747 987 2798 nihil

246 2859 336 2896 minua·
