<?xml version="1.0" encoding="UTF-8"?>
<!DOCTYPE html PUBLIC "-//W3C//DTD XHTML 1.0 Transitional//EN"
    "http://www.w3.org/TR/xhtml1/DTD/xhtml1-transitional.dtd">
<html xmlns="http://www.w3.org/1999/xhtml" xml:lang="en" lang="en">
 <head>
  <title>
</title>
<meta http-equiv="Content-Type" content="text/html;charset=utf-8" />
  <meta name='ocr-system' content='tesseract 3.04.00' />
  <meta name='ocr-capabilities' content='ocr_page ocr_carea ocr_par ocr_line ocrx_word'/>
</head>
<body>
  <div class='ocr_page' id='page_1' title='image "./comoediaesexadf00zeungoog_0030.png"; bbox 0 0 2459 3800; ppageno 0'>
   <div class='ocr_carea' id='block_1_1' title="bbox 407 472 983 542">
    <p class='ocr_par' dir='ltr' id='par_1_1' title="bbox 407 472 983 542">
     <span class='ocr_line' id='line_1_1' title="bbox 407 472 983 542; baseline 0.007 -22"><span class='ocrx_word' id='word_1_1' title='bbox 407 472 519 522; x_wconf 72' lang='lat' dir='ltr'>Ausus</span> <span class='ocrx_word' id='word_1_2' title='bbox 537 473 569 521; x_wconf 89' lang='lat'>11.</span> <span class='ocrx_word' id='word_1_3' title='bbox 610 473 720 522; x_wconf 80' lang='lat' dir='ltr'>SCENA</span> <span class='ocrx_word' id='word_1_4' title='bbox 738 474 757 522; x_wconf 92' lang='lat' dir='ltr'>l.</span> <span class='ocrx_word' id='word_1_5' title='bbox 953 477 983 542; x_wconf 81' lang='lat'>21</span> 
     </span>
    </p>
   </div>
   <div class='ocr_carea' id='block_1_2' title="bbox 183 605 1002 1204">
    <p class='ocr_par' dir='ltr' id='par_1_2' title="bbox 185 605 985 758">
     <span class='ocr_line' id='line_1_2' title="bbox 185 605 985 674; baseline 0.009 -19"><span class='ocrx_word' id='word_1_6' title='bbox 185 607 284 656; x_wconf 74' lang='lat' dir='ltr'>interea</span> <span class='ocrx_word' id='word_1_7' title='bbox 306 605 350 657; x_wconf 81' lang='lat' dir='ltr'>flet</span> <span class='ocrx_word' id='word_1_8' title='bbox 371 606 474 670; x_wconf 88' lang='lat' dir='ltr'>aliquid,</span> <span class='ocrx_word' id='word_1_9' title='bbox 495 623 574 674; x_wconf 88' lang='lat' dir='ltr'>spero.</span> <span class='ocrx_word' id='word_1_10' title='bbox 619 612 667 672; x_wconf 76' lang='lat' dir='ltr'>By.</span> <span class='ocrx_word' id='word_1_11' title='bbox 684 609 714 658; x_wconf 74' lang='lat'>111</span> <span class='ocrx_word' id='word_1_12' title='bbox 735 610 829 673; x_wconf 85' lang='lat' dir='ltr'>aliquid</span> <span class='ocrx_word' id='word_1_13' title='bbox 852 611 915 662; x_wconf 87' lang='lat' dir='ltr'>nihil</span> <span class='ocrx_word' id='word_1_14' title='bbox 938 620 985 664; x_wconf 75' lang='lat' dir='ltr'>est.</span> 
     </span>
     <span class='ocr_line' id='line_1_3' title="bbox 252 680 783 758; baseline 0.004 -14"><span class='ocrx_word' id='word_1_15' title='bbox 252 697 297 745; x_wconf 78' lang='lat' dir='ltr'>ca.</span> <span class='ocrx_word' id='word_1_16' title='bbox 313 696 429 758; x_wconf 73' lang='lat' dir='ltr'>aynau,</span> <span class='ocrx_word' id='word_1_17' title='bbox 780 680 783 683; x_wconf 80' lang='grc'>’</span> 
     </span>
    </p>

    <p class='ocr_par' dir='ltr' id='par_1_3' title="bbox 183 784 985 946">
     <span class='ocr_line' id='line_1_4' title="bbox 183 784 985 850; baseline 0.005 -16"><span class='ocrx_word' id='word_1_18' title='bbox 183 785 250 839; x_wconf 83' lang='lat' dir='ltr'><strong>Quid</strong></span> <span class='ocrx_word' id='word_1_19' title='bbox 260 784 305 836; x_wconf 81' lang='lat' dir='ltr'>tibi</span> <span class='ocrx_word' id='word_1_20' title='bbox 317 785 430 836; x_wconf 69' lang='lat' dir='ltr'>videar?</span> <span class='ocrx_word' id='word_1_21' title='bbox 448 786 536 838; x_wconf 81' lang='lat' dir='ltr'>adeon&#39;</span> <span class='ocrx_word' id='word_1_22' title='bbox 545 786 575 836; x_wconf 90' lang='lat' dir='ltr'>ad</span> <span class='ocrx_word' id='word_1_23' title='bbox 586 789 663 837; x_wconf 84' lang='lat' dir='ltr'>eum?</span> <span class='ocrx_word' id='word_1_24' title='bbox 700 790 749 850; x_wconf 74' lang='lat' dir='ltr'>By.</span> <span class='ocrx_word' id='word_1_25' title='bbox 764 788 876 844; x_wconf 82' lang='lat' dir='ltr'>Quidni?</span> <span class='ocrx_word' id='word_1_26' title='bbox 890 788 911 838; x_wconf 87' lang='lat' dir='ltr'>si</span> <span class='ocrx_word' id='word_1_27' title='bbox 922 788 985 838; x_wconf 85' lang='lat' dir='ltr'>nihil</span> 
     </span>
     <span class='ocr_line' id='line_1_5' title="bbox 250 875 461 946; baseline 0.009 -23"><span class='ocrx_word' id='word_1_28' title='bbox 250 875 377 939; x_wconf 80' lang='lat' dir='ltr'>impetres,</span> <span class='ocrx_word' id='word_1_29' title='bbox 459 941 461 946; x_wconf 28' lang='grc' dir='ltr'>Ι</span> 
     </span>
    </p>

    <p class='ocr_par' dir='ltr' id='par_1_4' title="bbox 185 963 989 1102">
     <span class='ocr_line' id='line_1_6' title="bbox 185 963 989 1028; baseline 0.001 -14"><span class='ocrx_word' id='word_1_30' title='bbox 185 965 222 1014; x_wconf 90' lang='lat' dir='ltr'>Ut</span> <span class='ocrx_word' id='word_1_31' title='bbox 243 971 268 1012; x_wconf 78' lang='lat' dir='ltr'>ta</span> <span class='ocrx_word' id='word_1_32' title='bbox 289 963 421 1013; x_wconf 75' lang='lat' dir='ltr'>arbitretur</span> <span class='ocrx_word' id='word_1_33' title='bbox 440 963 487 1013; x_wconf 91' lang='lat' dir='ltr'>sibi</span> <span class='ocrx_word' id='word_1_34' title='bbox 508 972 621 1028; x_wconf 83' lang='lat' dir='ltr'>paratum</span> <span class='ocrx_word' id='word_1_35' title='bbox 643 966 778 1026; x_wconf 79' lang='lat' dir='ltr'>moschum,</span> <span class='ocrx_word' id='word_1_36' title='bbox 795 966 817 1014; x_wconf 88' lang='lat' dir='ltr'>si</span> <span class='ocrx_word' id='word_1_37' title='bbox 837 966 905 1014; x_wconf 89' lang='lat' dir='ltr'>illam</span> <span class='ocrx_word' id='word_1_38' title='bbox 924 966 989 1015; x_wconf 83' lang='lat' dir='ltr'>dux-</span> 
     </span>
     <span class='ocr_line' id='line_1_7' title="bbox 250 1051 306 1102; baseline 0.036 -2"><span class='ocrx_word' id='word_1_39' title='bbox 250 1051 306 1102; x_wconf 85' lang='lat' dir='ltr'>erit.</span> 
     </span>
    </p>

    <p class='ocr_par' dir='ltr' id='par_1_5' title="bbox 188 1130 1002 1204">
     <span class='ocr_line' id='line_1_8' title="bbox 188 1130 1002 1204; baseline 0.004 -16"><span class='ocrx_word' id='word_1_40' title='bbox 188 1141 233 1190; x_wconf 74' lang='lat' dir='ltr'>Gt.</span> <span class='ocrx_word' id='word_1_41' title='bbox 259 1139 335 1189; x_wconf 80' lang='lat' dir='ltr'>Abin’</span> <span class='ocrx_word' id='word_1_42' title='bbox 362 1140 419 1190; x_wconf 87' lang='lat' dir='ltr'>hinc</span> <span class='ocrx_word' id='word_1_43' title='bbox 440 1141 467 1189; x_wconf 90' lang='lat' dir='ltr'>in</span> <span class='ocrx_word' id='word_1_44' title='bbox 487 1142 577 1190; x_wconf 86' lang='lat' dir='ltr'>malam</span> <span class='ocrx_word' id='word_1_45' title='bbox 598 1155 651 1190; x_wconf 84' lang='lat' dir='ltr'>rem</span> <span class='ocrx_word' id='word_1_46' title='bbox 676 1155 733 1191; x_wconf 88' lang='lat' dir='ltr'>cum</span> <span class='ocrx_word' id='word_1_47' title='bbox 755 1141 895 1204; x_wconf 75' lang='lat' dir='ltr'>suspicione</span> <span class='ocrx_word' id='word_1_48' title='bbox 915 1130 1002 1202; x_wconf 55' lang='lat' dir='ltr'>istaes</span> 
     </span>
    </p>
   </div>
   <div class='ocr_carea' id='block_1_3' title="bbox 187 1229 999 2812">
    <p class='ocr_par' dir='ltr' id='par_1_6' title="bbox 249 1229 347 1279">
     <span class='ocr_line' id='line_1_9' title="bbox 249 1229 347 1279; baseline 0.01 -1"><span class='ocrx_word' id='word_1_49' title='bbox 249 1229 347 1279; x_wconf 80' lang='lat' dir='ltr'>scelus?</span> 
     </span>
    </p>

    <p class='ocr_par' dir='ltr' id='par_1_7' title="bbox 187 1318 980 1384">
     <span class='ocr_line' id='line_1_10' title="bbox 187 1318 980 1384; baseline 0.006 -19"><span class='ocrx_word' id='word_1_50' title='bbox 187 1320 259 1366; x_wconf 86' lang='lat' dir='ltr'>Pam.</span> <span class='ocrx_word' id='word_1_51' title='bbox 278 1319 413 1368; x_wconf 80' lang='lat' dir='ltr'>Chaninum</span> <span class='ocrx_word' id='word_1_52' title='bbox 425 1318 504 1368; x_wconf 84' lang='lat' dir='ltr'>video.</span> <span class='ocrx_word' id='word_1_53' title='bbox 527 1320 607 1368; x_wconf 80' lang='lat' dir='ltr'>Salve.</span> <span class='ocrx_word' id='word_1_54' title='bbox 643 1322 686 1369; x_wconf 76' lang='lat' dir='ltr'>ct.</span> <span class='ocrx_word' id='word_1_55' title='bbox 702 1320 727 1370; x_wconf 96' lang='lat'>0</span> <span class='ocrx_word' id='word_1_56' title='bbox 738 1321 814 1382; x_wconf 87' lang='lat' dir='ltr'>salve,</span> <span class='ocrx_word' id='word_1_57' title='bbox 827 1320 965 1384; x_wconf 78' lang='lat' dir='ltr'>Pamphile,</span> <span class='ocrx_word' id='word_1_58' title='bbox 977 1355 980 1361; x_wconf 85' lang='lat'>-</span> 
     </span>
    </p>

    <p class='ocr_par' dir='ltr' id='par_1_8' title="bbox 188 1407 989 1566">
     <span class='ocr_line' id='line_1_11' title="bbox 188 1407 989 1472; baseline 0.005 -16"><span class='ocrx_word' id='word_1_59' title='bbox 188 1407 228 1456; x_wconf 79' lang='lat' dir='ltr'>Ad</span> <span class='ocrx_word' id='word_1_60' title='bbox 245 1416 271 1456; x_wconf 87' lang='lat' dir='ltr'>te</span> <span class='ocrx_word' id='word_1_61' title='bbox 282 1407 395 1469; x_wconf 86' lang='lat' dir='ltr'>advenio,</span> <span class='ocrx_word' id='word_1_62' title='bbox 415 1423 494 1472; x_wconf 87' lang='lat' dir='ltr'>spem,</span> <span class='ocrx_word' id='word_1_63' title='bbox 512 1409 627 1470; x_wconf 81' lang='lat' dir='ltr'>salutem,</span> <span class='ocrx_word' id='word_1_64' title='bbox 646 1409 777 1469; x_wconf 85' lang='lat' dir='ltr'>auxilium,</span> <span class='ocrx_word' id='word_1_65' title='bbox 794 1407 924 1458; x_wconf 89' lang='lat' dir='ltr'>consilium</span> <span class='ocrx_word' id='word_1_66' title='bbox 944 1423 989 1460; x_wconf 85' lang='lat' dir='ltr'>ex-</span> 
     </span>
     <span class='ocr_line' id='line_1_12' title="bbox 251 1510 344 1566; baseline 0 -14"><span class='ocrx_word' id='word_1_67' title='bbox 251 1510 344 1566; x_wconf 78' lang='lat' dir='ltr'>petens.</span> 
     </span>
    </p>

    <p class='ocr_par' dir='ltr' id='par_1_9' title="bbox 188 1592 993 1744">
     <span class='ocr_line' id='line_1_13' title="bbox 188 1592 993 1656; baseline 0.004 -17"><span class='ocrx_word' id='word_1_68' title='bbox 188 1594 260 1640; x_wconf 74' lang='lat' dir='ltr'>Pam.</span> <span class='ocrx_word' id='word_1_69' title='bbox 278 1593 364 1654; x_wconf 88' lang='lat' dir='ltr'><strong>Neque</strong></span> <span class='ocrx_word' id='word_1_70' title='bbox 381 1593 421 1656; x_wconf 87' lang='lat' dir='ltr'>pol</span> <span class='ocrx_word' id='word_1_71' title='bbox 438 1592 536 1642; x_wconf 84' lang='lat' dir='ltr'>consilii</span> <span class='ocrx_word' id='word_1_72' title='bbox 552 1594 634 1642; x_wconf 90' lang='lat' dir='ltr'>locum</span> <span class='ocrx_word' id='word_1_73' title='bbox 651 1593 741 1656; x_wconf 85' lang='lat' dir='ltr'>habeo,</span> <span class='ocrx_word' id='word_1_74' title='bbox 758 1608 837 1656; x_wconf 80' lang='lat' dir='ltr'>neque</span> <span class='ocrx_word' id='word_1_75' title='bbox 851 1592 938 1642; x_wconf 84' lang='lat' dir='ltr'>anxilii</span> <span class='ocrx_word' id='word_1_76' title='bbox 948 1607 993 1642; x_wconf 88' lang='lat' dir='ltr'>co·</span> 
     </span>
     <span class='ocr_line' id='line_1_14' title="bbox 252 1681 415 1744; baseline 0 -15"><span class='ocrx_word' id='word_1_77' title='bbox 252 1681 327 1744; x_wconf 88' lang='lat' dir='ltr'>piam.</span> <span class='ocrx_word' id='word_1_78' title='bbox 413 1735 415 1740; x_wconf 54' lang='grc'>,</span> 
     </span>
    </p>

    <p class='ocr_par' dir='ltr' id='par_1_10' title="bbox 189 1769 994 1923">
     <span class='ocr_line' id='line_1_15' title="bbox 189 1769 994 1833; baseline 0 -13"><span class='ocrx_word' id='word_1_79' title='bbox 189 1769 239 1820; x_wconf 83' lang='lat' dir='ltr'>Sed</span> <span class='ocrx_word' id='word_1_80' title='bbox 254 1770 316 1820; x_wconf 86' lang='lat' dir='ltr'>istuc</span> <span class='ocrx_word' id='word_1_81' title='bbox 333 1769 500 1833; x_wconf 84' lang='lat' dir='ltr'>quidnam&#39;st?</span> <span class='ocrx_word' id='word_1_82' title='bbox 538 1771 581 1820; x_wconf 81' lang='lat' dir='ltr'>Ch.</span> <span class='ocrx_word' id='word_1_83' title='bbox 599 1769 680 1820; x_wconf 84' lang='lat' dir='ltr'>Hodie</span> <span class='ocrx_word' id='word_1_84' title='bbox 689 1785 793 1820; x_wconf 88' lang='lat' dir='ltr'>uxorem</span> <span class='ocrx_word' id='word_1_85' title='bbox 803 1769 891 1820; x_wconf 85' lang='lat' dir='ltr'>ducis?</span> <span class='ocrx_word' id='word_1_86' title='bbox 921 1772 994 1820; x_wconf 79' lang='lat' dir='ltr'>Pam.</span> 
     </span>
     <span class='ocr_line' id='line_1_16' title="bbox 252 1858 687 1923; baseline -0.002 -14"><span class='ocrx_word' id='word_1_87' title='bbox 252 1858 338 1909; x_wconf 82' lang='lat' dir='ltr'>Aiunt.</span> <span class='ocrx_word' id='word_1_88' title='bbox 375 1860 418 1909; x_wconf 81' lang='lat' dir='ltr'>Ch.</span> <span class='ocrx_word' id='word_1_89' title='bbox 437 1859 575 1923; x_wconf 81' lang='lat' dir='ltr'>Pamphile,</span> <span class='ocrx_word' id='word_1_90' title='bbox 683 1873 687 1888; x_wconf 82' lang='grc'><strong><em>·</em></strong></span> 
     </span>
    </p>

    <p class='ocr_par' dir='ltr' id='par_1_11' title="bbox 189 1946 991 2085">
     <span class='ocr_line' id='line_1_17' title="bbox 189 1946 991 2011; baseline -0.004 -12"><span class='ocrx_word' id='word_1_91' title='bbox 189 1948 215 1999; x_wconf 92' lang='lat' dir='ltr'>Si</span> <span class='ocrx_word' id='word_1_92' title='bbox 227 1946 253 1997; x_wconf 94' lang='lat' dir='ltr'>id</span> <span class='ocrx_word' id='word_1_93' title='bbox 264 1947 334 2009; x_wconf 83' lang='lat' dir='ltr'>iacis,</span> <span class='ocrx_word' id='word_1_94' title='bbox 350 1947 425 1997; x_wconf 88' lang='lat' dir='ltr'>hodie</span> <span class='ocrx_word' id='word_1_95' title='bbox 435 1956 586 2011; x_wconf 85' lang='lat' dir='ltr'>postremum</span> <span class='ocrx_word' id='word_1_96' title='bbox 598 1961 639 1997; x_wconf 83' lang='lat' dir='ltr'>me</span> <span class='ocrx_word' id='word_1_97' title='bbox 653 1946 727 1997; x_wconf 81' lang='lat' dir='ltr'>vides.</span> <span class='ocrx_word' id='word_1_98' title='bbox 760 1950 832 1997; x_wconf 84' lang='lat' dir='ltr'>Pam.</span> <span class='ocrx_word' id='word_1_99' title='bbox 849 1947 915 2002; x_wconf 85' lang='lat' dir='ltr'>Quid</span> <span class='ocrx_word' id='word_1_100' title='bbox 935 1947 991 1997; x_wconf 85' lang='lat' dir='ltr'>ita?</span> 
     </span>
     <span class='ocr_line' id='line_1_18' title="bbox 258 2034 462 2085; baseline 0 -1"><span class='ocrx_word' id='word_1_101' title='bbox 258 2036 301 2084; x_wconf 81' lang='lat' dir='ltr'>Oh.</span> <span class='ocrx_word' id='word_1_102' title='bbox 319 2034 366 2084; x_wconf 86' lang='lat' dir='ltr'>Hei</span> <span class='ocrx_word' id='word_1_103' title='bbox 383 2035 462 2085; x_wconf 86' lang='lat' dir='ltr'>mihi!</span> 
     </span>
    </p>

    <p class='ocr_par' dir='ltr' id='par_1_12' title="bbox 191 2122 995 2269">
     <span class='ocr_line' id='line_1_19' title="bbox 191 2122 995 2187; baseline -0.001 -13"><span class='ocrx_word' id='word_1_104' title='bbox 191 2128 285 2175; x_wconf 86' lang='lat' dir='ltr'>Vereor</span> <span class='ocrx_word' id='word_1_105' title='bbox 303 2124 398 2175; x_wconf 71' lang='lat' dir='ltr'>dicere:</span> <span class='ocrx_word' id='word_1_106' title='bbox 416 2124 474 2174; x_wconf 85' lang='lat' dir='ltr'>huic</span> <span class='ocrx_word' id='word_1_107' title='bbox 486 2124 525 2175; x_wconf 89' lang='lat' dir='ltr'>dic</span> <span class='ocrx_word' id='word_1_108' title='bbox 535 2124 751 2187; x_wconf 81' lang='lat' dir='ltr'>quaeso‚Byrrhia.</span> <span class='ocrx_word' id='word_1_109' title='bbox 778 2126 826 2186; x_wconf 72' lang='lat' dir='ltr'>Bp.</span> <span class='ocrx_word' id='word_1_110' title='bbox 843 2123 895 2185; x_wconf 82' lang='lat' dir='ltr'>Ego</span> <span class='ocrx_word' id='word_1_111' title='bbox 907 2122 995 2173; x_wconf 79' lang='lat' dir='ltr'>diuum.</span> 
     </span>
     <span class='ocr_line' id='line_1_20' title="bbox 252 2212 479 2269; baseline 0.004 -7"><span class='ocrx_word' id='word_1_112' title='bbox 252 2217 323 2263; x_wconf 84' lang='lat' dir='ltr'>Pam.</span> <span class='ocrx_word' id='word_1_113' title='bbox 341 2212 405 2269; x_wconf 87' lang='lat' dir='ltr'>Quid</span> <span class='ocrx_word' id='word_1_114' title='bbox 421 2215 479 2263; x_wconf 83' lang='lat' dir='ltr'>est?</span> 
     </span>
    </p>

    <p class='ocr_par' dir='ltr' id='par_1_13' title="bbox 190 2300 997 2451">
     <span class='ocr_line' id='line_1_21' title="bbox 190 2300 997 2366; baseline 0.001 -14"><span class='ocrx_word' id='word_1_115' title='bbox 190 2306 239 2366; x_wconf 69' lang='lat' dir='ltr'>Bp.</span> <span class='ocrx_word' id='word_1_116' title='bbox 264 2306 383 2366; x_wconf 87' lang='lat' dir='ltr'>Sponsam</span> <span class='ocrx_word' id='word_1_117' title='bbox 394 2302 434 2353; x_wconf 89' lang='lat' dir='ltr'>hic</span> <span class='ocrx_word' id='word_1_118' title='bbox 445 2310 512 2351; x_wconf 85' lang='lat' dir='ltr'>tuam</span> <span class='ocrx_word' id='word_1_119' title='bbox 522 2310 596 2352; x_wconf 87' lang='lat' dir='ltr'>amat.</span> <span class='ocrx_word' id='word_1_120' title='bbox 629 2306 701 2352; x_wconf 82' lang='lat' dir='ltr'>Pam.</span> <span class='ocrx_word' id='word_1_121' title='bbox 717 2304 764 2351; x_wconf 74' lang='lat' dir='ltr'>Na</span> <span class='ocrx_word' id='word_1_122' title='bbox 773 2301 819 2351; x_wconf 87' lang='lat' dir='ltr'>iste</span> <span class='ocrx_word' id='word_1_123' title='bbox 829 2300 889 2350; x_wconf 90' lang='lat' dir='ltr'>haut</span> <span class='ocrx_word' id='word_1_124' title='bbox 899 2316 997 2353; x_wconf 80' lang='lat' dir='ltr'>mecum</span> 
     </span>
     <span class='ocr_line' id='line_1_22' title="bbox 260 2390 602 2451; baseline -0.009 -10"><span class='ocrx_word' id='word_1_125' title='bbox 260 2391 342 2441; x_wconf 84' lang='lat' dir='ltr'>sentit.</span> <span class='ocrx_word' id='word_1_126' title='bbox 354 2390 467 2440; x_wconf 84' lang='lat' dir='ltr'>Ehodum</span> <span class='ocrx_word' id='word_1_127' title='bbox 480 2391 519 2441; x_wconf 90' lang='lat' dir='ltr'>dic</span> <span class='ocrx_word' id='word_1_128' title='bbox 530 2390 602 2451; x_wconf 89' lang='lat' dir='ltr'>mihi,</span> 
     </span>
    </p>

    <p class='ocr_par' dir='ltr' id='par_1_14' title="bbox 196 2477 999 2632">
     <span class='ocr_line' id='line_1_23' title="bbox 196 2477 999 2544; baseline -0.002 -15"><span class='ocrx_word' id='word_1_129' title='bbox 196 2483 264 2530; x_wconf 89' lang='lat' dir='ltr'>Num</span> <span class='ocrx_word' id='word_1_130' title='bbox 283 2480 401 2544; x_wconf 81' lang='lat' dir='ltr'>quidnam</span> <span class='ocrx_word' id='word_1_131' title='bbox 420 2480 526 2543; x_wconf 87' lang='lat' dir='ltr'>amplius</span> <span class='ocrx_word' id='word_1_132' title='bbox 537 2478 583 2529; x_wconf 91' lang='lat' dir='ltr'>tibi</span> <span class='ocrx_word' id='word_1_133' title='bbox 594 2493 650 2528; x_wconf 90' lang='lat' dir='ltr'>cum</span> <span class='ocrx_word' id='word_1_134' title='bbox 662 2478 706 2527; x_wconf 85' lang='lat' dir='ltr'>illa</span> <span class='ocrx_word' id='word_1_135' title='bbox 717 2477 775 2539; x_wconf 77' lang='lat' dir='ltr'>fuit,</span> <span class='ocrx_word' id='word_1_136' title='bbox 787 2477 913 2528; x_wconf 79' lang='lat' dir='ltr'>Charine?</span> <span class='ocrx_word' id='word_1_137' title='bbox 956 2479 999 2527; x_wconf 81' lang='lat' dir='ltr'>Ch.</span> 
     </span>
     <span class='ocr_line' id='line_1_24' title="bbox 258 2568 459 2632; baseline -0.015 -13"><span class='ocrx_word' id='word_1_138' title='bbox 258 2570 310 2630; x_wconf 88' lang='lat' dir='ltr'>Ah,</span> <span class='ocrx_word' id='word_1_139' title='bbox 322 2568 459 2632; x_wconf 90' lang='lat' dir='ltr'>Pamphile,</span> 
     </span>
    </p>

    <p class='ocr_par' dir='ltr' id='par_1_15' title="bbox 196 2652 999 2812">
     <span class='ocr_line' id='line_1_25' title="bbox 196 2652 999 2718; baseline -0.007 -9"><span class='ocrx_word' id='word_1_140' title='bbox 196 2658 276 2711; x_wconf 85' lang='lat' dir='ltr'>Nihil.</span> <span class='ocrx_word' id='word_1_141' title='bbox 301 2662 372 2709; x_wconf 84' lang='lat' dir='ltr'>Pam.</span> <span class='ocrx_word' id='word_1_142' title='bbox 390 2662 471 2714; x_wconf 83' lang='lat' dir='ltr'>Quam</span> <span class='ocrx_word' id='word_1_143' title='bbox 485 2658 590 2707; x_wconf 79' lang='lat' dir='ltr'>vellem!</span> <span class='ocrx_word' id='word_1_144' title='bbox 618 2657 793 2705; x_wconf 70' lang='lat' dir='ltr'>caumate</span> <span class='ocrx_word' id='word_1_145' title='bbox 809 2669 853 2718; x_wconf 86' lang='lat' dir='ltr'>per</span> <span class='ocrx_word' id='word_1_146' title='bbox 866 2652 999 2704; x_wconf 82' lang='lat' dir='ltr'>amicitiam</span> 
     </span>
     <span class='ocr_line' id='line_1_26' title="bbox 260 2748 586 2812; baseline -0.009 -14"><span class='ocrx_word' id='word_1_147' title='bbox 260 2756 285 2799; x_wconf 86' lang='lat' dir='ltr'>et</span> <span class='ocrx_word' id='word_1_148' title='bbox 296 2762 339 2812; x_wconf 85' lang='lat' dir='ltr'>per</span> <span class='ocrx_word' id='word_1_149' title='bbox 352 2761 461 2797; x_wconf 88' lang='lat' dir='ltr'>amorem</span> <span class='ocrx_word' id='word_1_150' title='bbox 473 2748 586 2807; x_wconf 85' lang='lat' dir='ltr'>obsecro,</span> 
     </span>
    </p>
   </div>
   <div class='ocr_carea' id='block_1_4' title="bbox 194 2831 1099 2919">
    <p class='ocr_par' dir='ltr' id='par_1_16' title="bbox 194 2831 1099 2919">
     <span class='ocr_line' id='line_1_27' title="bbox 194 2831 1099 2919; baseline -0.007 -31"><span class='ocrx_word' id='word_1_151' title='bbox 194 2836 317 2901; x_wconf 82' lang='lat' dir='ltr'>Principio</span> <span class='ocrx_word' id='word_1_152' title='bbox 340 2845 369 2887; x_wconf 88' lang='lat' dir='ltr'>ut</span> <span class='ocrx_word' id='word_1_153' title='bbox 390 2852 422 2887; x_wconf 89' lang='lat' dir='ltr'>ne</span> <span class='ocrx_word' id='word_1_154' title='bbox 442 2837 525 2886; x_wconf 82' lang='lat' dir='ltr'>ducas.</span> <span class='ocrx_word' id='word_1_155' title='bbox 568 2838 640 2886; x_wconf 83' lang='lat' dir='ltr'>Pam.</span> <span class='ocrx_word' id='word_1_156' title='bbox 668 2834 737 2883; x_wconf 87' lang='lat' dir='ltr'>Dabo</span> <span class='ocrx_word' id='word_1_157' title='bbox 756 2831 869 2896; x_wconf 79' lang='lat' dir='ltr'>squidem</span> <span class='ocrx_word' id='word_1_158' title='bbox 890 2846 999 2919; x_wconf 62' lang='lat' dir='ltr'>superam.</span> <span class='ocrx_word' id='word_1_159' title='bbox 1094 2888 1099 2895; x_wconf 42' lang='grc'>,</span> 
     </span>
    </p>
   </div>
   <div class='ocr_carea' id='block_1_5' title="bbox 195 2926 1001 3080">
    <p class='ocr_par' dir='ltr' id='par_1_17' title="bbox 195 2926 1001 3080">
     <span class='ocr_line' id='line_1_28' title="bbox 269 2926 596 2989; baseline -0.006 -12"><span class='ocrx_word' id='word_1_160' title='bbox 269 2930 312 2977; x_wconf 80' lang='lat' dir='ltr'>ct.</span> <span class='ocrx_word' id='word_1_161' title='bbox 329 2928 378 2978; x_wconf 89' lang='lat' dir='ltr'>Sed</span> <span class='ocrx_word' id='word_1_162' title='bbox 388 2926 409 2977; x_wconf 86' lang='lat' dir='ltr'>si</span> <span class='ocrx_word' id='word_1_163' title='bbox 419 2926 443 2975; x_wconf 92' lang='lat' dir='ltr'>id</span> <span class='ocrx_word' id='word_1_164' title='bbox 452 2942 501 2975; x_wconf 89' lang='lat' dir='ltr'>nou</span> <span class='ocrx_word' id='word_1_165' title='bbox 512 2932 596 2989; x_wconf 71' lang='lat' dir='ltr'>potest</span> 
     </span>
     <span class='ocr_line' id='line_1_29' title="bbox 195 3012 1001 3080; baseline -0.007 -12"><span class='ocrx_word' id='word_1_166' title='bbox 195 3022 248 3073; x_wconf 80' lang='lat' dir='ltr'>Aut</span> <span class='ocrx_word' id='word_1_167' title='bbox 268 3017 313 3067; x_wconf 90' lang='lat' dir='ltr'>tibi</span> <span class='ocrx_word' id='word_1_168' title='bbox 338 3016 430 3080; x_wconf 82' lang='lat' dir='ltr'>nuptiae</span> <span class='ocrx_word' id='word_1_169' title='bbox 455 3017 494 3065; x_wconf 79' lang='lat' dir='ltr'>hae</span> <span class='ocrx_word' id='word_1_170' title='bbox 516 3023 574 3065; x_wconf 85' lang='lat' dir='ltr'>sunt</span> <span class='ocrx_word' id='word_1_171' title='bbox 592 3013 670 3063; x_wconf 81' lang='lat' dir='ltr'>cordi.</span> <span class='ocrx_word' id='word_1_172' title='bbox 714 3016 785 3063; x_wconf 82' lang='lat' dir='ltr'>Pam.</span> <span class='ocrx_word' id='word_1_173' title='bbox 812 3012 908 3062; x_wconf 78' lang='lat' dir='ltr'>cordi?</span> <span class='ocrx_word' id='word_1_174' title='bbox 957 3014 1001 3062; x_wconf 80' lang='lat' dir='ltr'>Ch.</span> 
     </span>
    </p>
   </div>
   <div class='ocr_carea' id='block_1_6' title="bbox 261 3104 516 3170">
    <p class='ocr_par' dir='ltr' id='par_1_18' title="bbox 261 3104 516 3170">
     <span class='ocr_line' id='line_1_30' title="bbox 261 3104 516 3170; baseline -0.008 -15"><span class='ocrx_word' id='word_1_175' title='bbox 261 3107 353 3155; x_wconf 83' lang='lat' dir='ltr'>Saltem</span> <span class='ocrx_word' id='word_1_176' title='bbox 361 3106 455 3170; x_wconf 90' lang='lat' dir='ltr'>aliquot</span> <span class='ocrx_word' id='word_1_177' title='bbox 464 3104 516 3155; x_wconf 83' lang='lat' dir='ltr'>dies</span> 
     </span>
    </p>
   </div>
   <div class='ocr_carea' id='block_1_7' title="bbox 0 0 1242 3800">
    <p class='ocr_par' dir='ltr' id='par_1_19' title="bbox 0 0 1242 3800">
     <span class='ocr_line' id='line_1_31' title="bbox 0 0 1242 3800; baseline 0 0"><span class='ocrx_word' id='word_1_178' title='bbox 0 0 1242 3800; x_wconf 95' lang='lat' dir='ltr'> </span> 
     </span>
    </p>
   </div>
  </div>
 </body>
</html>
