2459 3800
246 518 301 568 340*
461 521 487 568 Ρ.
504 520 665 570 TERENTH
683 521 852 570 PHORMIO.

249 657 356 716 Hujusce
368 657 495 706 babendae.
506 658 553 706 Sed
566 657 666 707 ubinam
679 660 767 708 Getam
778 658 888 708 invenire
898 674 1013 722 possum,

249 743 284 795 Ut
294 760 388 806 rogem,
401 746 466 807 quod
481 755 577 809 tempus
589 748 753 796 conveniundi
763 748 837 810 patris
849 762 889 796 me
903 763 991 813 capere
1005 752 1051 810 ju·

312 835 369 882 beat
379 837 389 882 ?

468 1070 579 1130 nonus
596 1070 627 1118 v.
668 1066 778 1118 scurm
795 1070 826 1119 v.

498 1184 635 1231 Puonmro.
666 1185 799 1232 Aurrruo.

245 1252 398 1324 deonorum
411 1277 511 1340 accepi:
529 1278 618 1326 tradidi
627 1278 711 1327 lenoni
724 1300 729 1328 ε
749 1279 839 1328 abduxi
851 1280 998 1331 mulierem:

247 1365 346 1424 Curavi,
367 1366 466 1428 propria
477 1379 506 1415 ea
519 1367 632 1415 Phaedria
641 1375 669 1415 ιιι
680 1367 815 1429 potiretur:
833 1382 890 1416 nam
909 1368 1000 1417 emissa
1009 1377 1050 1418 est

312 1468 395 1502 manu.

245 1547 269 1592 N
272 1560 317 1594 unc
327 1560 377 1594 una
392 1533 451 1594 mihi
459 1559 498 1594 res
509 1544 679 1610 etiamrestat,
689 1559 742 1607 quae
752 1553 790 1594 est
797 1545 960 1606 conficiunda,
972 1545 1052 1594 otium

241 1637 280 1686 Ab
291 1635 389 1684 senibus
399 1635 430 1682 ad
442 1634 575 1696 potandum
588 1642 616 1682 ιιι
635 1635 753 1682 habeam:
771 1648 829 1682 nam
841 1634 936 1696 aliquot
946 1635 991 1683 hos
1001 1648 1046 1682 su·

308 1723 445 1772 mamdies.
842 1780 845 1786 Ι

243 1812 295 1859 Aa.
312 1811 361 1860 Sed
370 1811 534 1860 Phormio’st:
552 1810 611 1878 quid
620 1811 677 1860 ais?
713 1815 759 1860 ΡΙι.
777 1811 864 1866 Quid?
899 1812 950 1860 An.
968 1810 1048 1865 Quid-

307 1915 364 1949 nam
375 1914 439 1948 nuuc
451 1900 559 1948 facturus
572 1900 706 1950 Phaedria?

243 1992 299 2043 Quo
311 1996 381 2057 pacto
394 1988 532 2037 satietatem
544 1988 636 2037 amoris
649 1989 684 2036 ait
694 2003 720 2036 sc
732 1990 795 2037 velle
803 1991 949 2037 absumere?

223 2078 288 2125 -Pa
306 2076 419 2126 Vicissim
438 2078 513 2139 partis
532 2085 586 2126 tuas
603 2085 702 2126 maurus
722 2086 767 2127 est.
799 2079 852 2125 Αιι.
870 2080 960 2132 Quas?
995 2079 1045 2125 Pb.

307 2166 342 2212 Ut
354 2164 440 2224 fugitet
451 2173 543 2226 patrem
557 2186 562 2213 :

239 2253 276 2299 Te
287 2266 357 2300 suam
370 2253 464 2312 rogavit
474 2267 572 2300 rursum
590 2261 618 2301 ut
633 2268 733 2314 ageres:
750 2268 848 2303 causam
866 2261 894 2301 ιιι
911 2268 956 2315 pro
968 2266 994 2302 se
1005 2252 1045 2301 di-

310 2354 395 2388 ceres:
1014 2338 1018 2345 '

240 2427 304 2476 Nam
316 2434 442 2489 potaturus
453 2435 491 2476 est
501 2428 564 2489 apud
577 2441 635 2476 me:
653 2441 699 2488 ego
706 2441 745 2475 me
758 2427 794 2475 ire
806 2427 904 2476 senibus
913 2425 1017 2477 Sunium

239 2516 326 2565 Dicam
343 2516 373 2564 ad
393 2524 537 2575 mercatum,
560 2516 704 2565 ancillulam
725 2522 829 2576 emtum,
854 2529 926 2577 quam
947 2514 1041 2564 dudmn

304 2605 368 2654 dixis
378 2606 457 2655 Geta:

239 2695 287 2753 Ne,
299 2707 374 2755 quum
386 2693 485 2742 hicnon
498 2693 593 2751 ¹videant
604 2709 655 2756 me,
667 2694 900 2759 conficerecredant
907 2699 1036 2754 argentum

303 2794 383 2829 suum.

238 2868 285 2916 Sed
297 2869 388 2919 ostium
398 2872 540 2936 concrepuit
551 2874 636 2923 abste.
668 2872 720 2921 Aa.
738 2873 810 2934 Vide,
823 2872 877 2934 quis
892 2869 1041 2932 egrediatur.

300 2960 346 3004 Pla.
360 2959 461 3007 Geta'st.
