2459 3800
230 439 277 492 180
310 440 339 492 P.
354 441 515 493 TERENTII
534 441 966 496 HEAU'PONTIMORUMENOS.

229 588 360 643 Quomodo
368 587 515 648 obsequere:
533 593 559 634 ct
568 594 597 634 ut
606 600 698 647 hervee,
710 588 774 648 quod
786 588 870 636 labore
882 587 1009 636 invenerit.

229 679 286 725 Non
299 675 360 724 mihi
371 675 535 738 per'fallaciae
546 674 666 724 adducere
678 683 734 724 ante
747 678 850 724 oculos?
868 675 944 738 pudet

229 764 318 814 Dicere
326 765 373 814 hac
383 772 503 828 presente
514 765 616 813 verbum
627 772 714 826 turpe:
732 772 757 812 at
767 771 791 813 te
803 764 828 812 id
838 765 909 812 nullo
921 763 995 813 modo

231 853 312 914 Piguit
328 854 417 902 facere.
453 854 489 901 01.
505 853 587 912 Eheu,
605 867 679 914 quam
696 867 740 914 ego
757 867 823 901 nunc
834 859 900 902 totus
917 851 1035 914 displiceo

293 940 372 990 mihi:
686 947 690 954 '

230 1031 310 1084 Quam
322 1029 413 1092 pudet!
431 1042 511 1092 neque
521 1029 588 1091 quod
598 1029 747 1093 principium
758 1029 880 1080 inveniam
893 1029 923 1078 ed
935 1029 1035 1092 placen-

296 1119 366 1180 dum,
378 1118 437 1168 ecio.

458 1355 570 1405 Aeros
587 1319 619 1404 u.
652 1355 762 1404 schum
782 1357 809 1404 v.

284 1471 465 1518 Memnonos.
500 1470 640 1519 Curemus.
674 1469 812 1519 currina.
845 1469 985 1520 Sosrnhrh.

177 1620 182 1630 x
233 1569 374 1617 Enimvero
387 1569 506 1617 Chremes
517 1545 591 1617 nimis
600 1568 705 1630 graviter
715 1569 808 1618 cruciet
817 1569 1038 1633 adolescentulum,

233 1656 363 1719 Nimisque
373 1657 522 1708 inhumane:
541 1671 603 1706 exeo
615 1671 684 1720 ergo,
696 1666 724 1706 ut
733 1672 819 1722 pacem
828 1659 967 1709 conciliem.
988 1661 1041 1724 Op-

296 1753 364 1794 tume

232 1837 301 1900 Ipsos
311 1833 391 1884 video.
426 1836 470 1884 Ch.
480 1835 570 1895 Ehem,
579 1834 735 1896 Menedeme,
754 1850 799 1886 cur
808 1851 859 1886 non
869 1837 959 1912 arcesei
968 1839 1040 1901 jubes

232 1922 332 1985 Filiam,
347 1931 373 1973 et
384 1925 450 1987 quod
462 1924 527 1974 dotis
539 1924 601 1984 dixi,
613 1925 718 1974 firmes?
755 1928 795 1974 So.
814 1926 851 1974 Mi
863 1927 910 1989 vir,
927 1936 952 1978 te
967 1930 1039 1978 ohse-

296 2026 349 2073 cro,

233 2105 272 2152 Ne
283 2102 368 2152 faciae.
403 2103 440 2151 01.
458 2104 541 2163 Pater,
562 2102 675 2164 obsecro,
696 2112 724 2153 ut
742 2102 804 2152 mihi
821 2103 941 2165 ignoscas.
973 2108 1041 2156 Men.

296 2194 335 2241 Da
346 2190 455 2252 veniam,
468 2192 590 2241 Chreme:

233 2280 293 2331 Sine
306 2289 337 2330 -te
348 2288 443 2329 exoret.
478 2282 521 2330 Ch.
535 2282 623 2342 'Egone
639 2294 695 2330 mea
720 2282 786 2331 bona
804 2290 833 2331 ut
851 2283 907 2332 dem
925 2283 1043 2333 Bacchidi

212 2401 213 2406 =
299 2370 474 2420 donoseiene?
957 2369 964 2377 '

233 2461 291 2509 Non
308 2459 406 2509 faciem.
440 2460 508 2508 Men.
524 2461 559 2508 At
576 2458 602 2507 id
619 2472 664 2507 nos
684 2472 733 2507 non
754 2459 870 2509 sinemus.
907 2462 943 2510 01.
960 2460 986 2511 Si
1003 2476 1044 2510 me

296 2548 377 2598 vivom
389 2548 436 2609 vio,
447 2556 526 2611 pater,

233 2640 343 2700 Ignosce.
385 2638 426 2685 So.
442 2638 506 2699 Age,
529 2632 648 2685 Chremes
670 2635 712 2687 mi.
745 2639 813 2688 Men.
829 2639 881 2700 Age
899 2654 991 2701 quaeso,
1012 2655 1044 2689 ne

296 2728 504 2788 temoffirmate,
516 2727 630 2777 Chreme.
812 2780 818 2790 ,

235 2819 279 2867 Ch.
292 2818 358 2872 Quid
368 2817 423 2866 ietic
434 2820 444 2865 ἓ
463 2816 534 2866 video
543 2830 594 2865 non
605 2816 690 2877 licere,
702 2822 730 2865 ut
740 2830 873 2880 coeperam,
883 2818 931 2867 hoc
946 2826 1044 2881 peruen-

297 2905 364 2955 dere.

235 2997 302 3045 Men.
320 2992 390 3045 Facie
400 3000 462 3044 utte
472 2994 548 3043 decet.
583 2994 627 3043 Ch.
644 2994 681 3042 Ee
695 2994 750 3057 lege
766 2995 813 3044 hoc
824 2993 885 3045 adeo
895 2994 999 3060 sociam;
1017 2996 1039 3047 si

299 3084 358 3135 iacit
