2459 3800
435 443 547 496 Acrus
563 445 610 495 111.
643 446 753 496 SOENA
770 449 790 496 1.
976 447 1020 495 147

439 730 579 780 Cuuuns.
605 731 789 779 Mnuunnruus.

210 845 340 894 Lucrscrr
348 845 396 893 hoc
404 845 468 906 jam,
478 859 548 894 cesso
557 846 654 907 pultare
666 845 756 894 ostium

210 931 291 982 Vicini
303 935 313 982 ?
332 933 437 996 primum
449 948 463 983 e
474 948 513 983 me
524 942 553 983 ut
563 934 626 983 sciat
637 935 684 983 sibi
692 935 772 984 filium

211 1020 339 1082 Rediisse3
357 1021 403 1071 etsi
414 1022 595 1071 adolescentem
607 1023 655 1072 ideo
667 1025 734 1073 nolle
744 1021 870 1086 intellego.

211 1112 315 1171 Verum,
326 1125 402 1172 quum
411 1111 506 1160 videam
517 1112 634 1160 miserum
646 1113 711 1162 hunc
722 1121 772 1162 tem
784 1113 915 1162 cruciarier

212 1199 273 1259 liius
284 1199 361 1259 abitu,
370 1199 447 1248 celem
460 1207 511 1248 tam
522 1199 675 1263 insperatum
687 1201 802 1262 gaudium
815 1222 823 1262 3

213 1287 277 1336 Cum
288 1286 327 1335 illi
338 1287 401 1336 nihil
412 1287 498 1351 pericli
508 1302 539 1337 ex
550 1288 643 1338 indicio
655 1289 719 1338 siet?

214 1378 282 1425 Haut
291 1375 394 1426 faciam:
412 1391 481 1438 nm,
492 1377 558 1440 quod
569 1385 667 1442 potero,
678 1378 794 1439 adjutabo
806 1391 898 1428 senem.

212 1467 250 1515 lta
259 1466 378 1516 attilium
390 1482 472 1517 meum
482 1467 562 1517 amieo
573 1476 647 1531 atque
659 1469 747 1531 aeqnali
759 1482 803 1518 suo

210 1555 289 1606 Video
299 1554 427 1618 inservire,
439 1564 464 1606 et
474 1557 568 1607 socium
579 1572 633 1607 esse
645 1557 671 1607 iu
684 1557 801 1620 negotiis:

212 1646 265 1694 Nos
277 1660 373 1709 quoque
384 1661 455 1696 senes
465 1655 503 1696 est
513 1662 610 1710 aequom
622 1647 721 1698 senibus
732 1647 842 1710 obsequi.

211 1737 279 1785 Men.
296 1738 347 1786 Aut
357 1751 402 1798 ego
413 1739 525 1800 profecto
535 1737 636 1800 ingenio
648 1737 744 1800 egregie
754 1737 786 1786 ud
797 1736 908 1786 miserias

213 1830 292 1878 Natus
305 1843 377 1891 sume
394 1834 438 1876 aut
447 1826 510 1876 illud
521 1827 655 1888 falsum'st,
667 1825 732 1889 quod
745 1827 816 1889 volgo
828 1824 901 1876 audio

211 1918 278 1980 Diei,
286 1918 352 1968 diem
364 1918 471 1967 adimere
482 1917 652 1979 egritudinem
661 1916 812 1967 hominibus.

212 2010 277 2058 Nam
287 2006 349 2056 mihi
359 2006 457 2069 quidem
468 2005 558 2070 cotidie
568 2006 676 2067 augescit
686 2006 762 2068 magis

212 2100 250 2147 De
260 2097 314 2146 filio
325 2094 442 2157 {egritudo
455 2118 460 2145 :
478 2102 504 2144 et
515 2102 607 2157 quanto
621 2094 712 2145 diutius

212 2188 299 2247 Abest,
310 2184 391 2254 magis
398 2182 470 2246 cupio
480 2189 561 2245 tante,
572 2191 598 2232 et
609 2184 685 2245 magis
697 2183 818 2233 desidero.

216 2278 260 2327 ou.
277 2276 326 2327 Sed
336 2275 417 2339 ipsum
428 2275 495 2324 foras
505 2288 630 2336 egressum
642 2274 711 2324 rideo
723 2296 728 2324 ι
748 2274 801 2334 ibo,
813 2274 933 2336 alloquar.

213 2364 369 2425 Menedeme,
380 2364 460 2413 salve:
478 2362 596 2413 nuncium
607 2371 711 2429 apporto
722 2362 777 2424 tihi,

201 2456 292 2516 eujus
302 2468 418 2503 maxume
427 2460 453 2502 te
462 2452 515 2501 fieri
526 2452 669 2518 participem
678 2452 756 2514 cupis.

212 2545 280 2594 Men.
297 2546 365 2592 Num
377 2542 493 2606 quidnam
504 2541 534 2591 de
544 2549 618 2604 gnato
630 2556 685 2590 meo
696 2539 795 2600 audisti,
808 2540 932 2589 Chreme?

216 2634 258 2681 ΟΙι.
274 2633 347 2681 Valet
367 2639 439 2693 atque
460 2630 527 2680 vivit.
570 2633 638 2680 Men.
657 2629 798 2680 Ubinam'st
818 2629 923 2691 quaesoe
973 2626 1016 2676 Gla.

279 2722 352 2786 Apud
363 2720 489 2779 medomi.

215 2812 282 2861 Mers.
300 2814 372 2860 Mens
394 2812 503 2873 gnatus?
552 2810 597 2858 ot.
616 2809 657 2858 Sic
678 2817 723 2858 est.
756 2810 823 2858 Men.
840 2805 935 2858 Venit?
973 2807 1017 2857 et.

217 2924 231 2937 ·
283 2906 364 2955 Certe.
397 2904 464 2951 Men.
481 2900 563 2950 Clinia

216 2995 288 3042 Meus
300 2992 386 3041 venit?
425 2992 468 3041 Oh.
485 2990 552 3041 Dixi.
585 2991 653 3039 Men.
670 2989 775 3050 Eamus,
794 2988 840 3037 duc
859 2988 1017 3049 meadeum,

280 3085 391 3133 obsecro.
