2459 3800
261 453 294 502 30
473 455 500 502 P.
512 454 677 503 TERENTll
694 454 832 503 ANDRIA.

263 597 319 642 hes.
348 595 447 642 Bonum
462 592 586 654 ingenium
605 607 691 643 narras
704 594 873 644 adolesoentis.
888 596 960 657 ’Μμ
986 595 1067 658 Optu-

293 697 296 704 ·
328 695 405 730 mum.
729 663 733 671 ¹

263 770 311 818 Sed
336 783 438 832 sequere
457 785 498 818 roe
520 769 597 830 intro,
618 785 650 818 ne
668 769 695 818 in
713 784 784 819 mora
802 769 841 818 illi
863 769 923 830 sis„
946 773 1003 819 Les.
1020 771 1066 819 Se·

327 873 398 920 quor.

261 948 326 994 Duo.
344 947 416 1000 Quod
435 946 571 996 remedium
592 961 658 996 nuuc
680 947 738 996 huic
761 949 828 996 maio
844 946 986 996 inveniam?
1031 949 1067 996 Si.

328 1034 394 1088 Quid
405 1034 472 1083 hoc?

260 1120 362 1170 Adeone
373 1129 410 1170 est
421 1122 540 1171 demens?
559 1137 590 1171 ex
601 1121 750 1184 peregrina?
766 1124 819 1182 jam
829 1123 891 1184 seio,
901 1125 945 1173 ah!

259 1209 310 1257 Vix
319 1210 419 1258 tandem
430 1209 495 1258 sensi
506 1209 618 1258 stolidus.
650 1212 717 1259 Doo.
739 1211 805 1264 Quid
814 1211 855 1260 hic
866 1211 971 1262 sensisse
981 1213 1035 1262 ait?

261 1298 297 1344 Si.
315 1297 373 1344 Haec
384 1296 491 1358 primum
502 1296 603 1345 affertur
611 1299 663 1357 jam
675 1297 738 1345 mihi
748 1299 779 1346 ab
789 1298 837 1346 hoc
848 1297 946 1347 fallacia
957 1319 966 1361 3

261 1389 331 1437 Hane
344 1387 462 1450 simulant
472 1401 567 1450 parere,
578 1401 628 1449 quo
640 1388 796 1437 Chremetem
807 1389 966 1438 absterreant.

263 1478 302 1524 01.
318 1478 386 1526 duno
399 1476 500 1535 Lucina,
512 1477 550 1525 fer·
559 1490 648 1539 opem;
665 1489 735 1525 serva
745 1491 796 1536 me,
807 1477 917 1526 obsecro.

257 1569 295 1615 -st
309 1563 370 1627 linig
383 1576 434 1616 tam
445 1567 513 1616 cito?
537 1567 686 1616 ridiculum:
704 1573 834 1628 postquam
845 1573 901 1614 ante
912 1564 1003 1614 ostium

260 1657 303 1704 Me
315 1655 407 1704 audivit
417 1663 492 1716 stare,
505 1663 666 1719 approperat:
685 1669 736 1703 non
744 1663 783 1704 sat
792 1654 922 1704 commode
985 1695 988 1701 .

259 1743 343 1793 mvsa
354 1753 412 1794 sunt
423 1745 573 1807 temporibus
584 1726 640 1805 etr,
650 1747 727 1806 oave,
738 1746 799 1795 hoc.
831 1746 898 1793 Dav.
916 1743 1026 1792 Mihin'?

260 1834 294 1879 Si.
312 1833 379 1880 Num
391 1832 522 1880 immemor
533 1847 559 1881 es
569 1832 700 1895 discipuli?
735 1835 801 1882 Das.
818 1832 881 1893 ago,
900 1830 958 1892 quid
966 1845 1063 1892 narres,

325 1922 417 1970 nescio.

259 2012 293 2058 Si.
311 2009 413 2058 Hiccine
424 2023 463 2058 me
475 2010 496 2059 si
509 2010 658 2073 imparatum
669 2010 695 2058 in
706 2010 770 2058 veris
783 2009 874 2072 nuptiis

258 2096 366 2145 Adortus
378 2105 452 2157 esset,
464 2112 524 2162 quos
534 2097 596 2146 mihi
606 2098 678 2147 ludos
686 2096 823 2146 redderet?

261 2185 332 2235 Nunc
344 2185 417 2245 hujus
429 2186 522 2249 periclo
533 2186 578 2237 fit:
596 2200 641 2247 ego
654 2185 680 2233 in
691 2193 766 2249 portu
776 2169 872 2246 narigo.

469 2396 580 2445 ACTUS
598 2397 644 2444 111.
684 2394 796 2444 SCENA
813 2394 856 2470 ΙΙ..

488 2509 591 2557 hasart.
626 2508 704 2556 Srrso.
737 2508 833 2556 Davus.

257 2626 367 2685 ripaue,
378 2623 508 2684 Armillis,
521 2638 575 2685 quae
587 2623 709 2682 adsolent,
719 2630 822 2698 pureque
832 2629 930 2685 oportet

259 2714 334 2776 Signa
345 2729 398 2765 esse
409 2714 440 2763 ad
451 2716 567 2774 salutem,
579 2713 665 2763 omnia
675 2712 733 2761 huic
743 2726 796 2761 esse
807 2711 886 2765 video.

259 2808 283 2854 N
285 2822 332 2856 unc
344 2807 451 2870 primum
463 2807 511 2866 iac,
522 2806 588 2854 istac
601 2812 630 2852 ut
639 2805 716 2854 lavet:
734 2809 790 2865 post
798 2802 898 2862 deinde,

158 2918 160 2923 ·
258 2895 331 2948 Quod
339 2895 402 2955 jussi
414 2895 438 2943 ei
450 2895 508 2943 dare
520 2894 615 2952 bibere,
626 2899 652 2941 et
661 2899 780 2953 quaumm
788 2889 918 2954 imperavi,

259 2986 335 3032 Date:
357 2996 415 3032 mox
427 2997 471 3045 ego
482 2984 530 3032 huc
542 2989 658 3031 revertar.

260 3073 307 3120 Per
318 3079 411 3121 ecastor
423 3071 499 3122 scitus
509 3085 569 3134 puer
579 3076 699 3119 natusest
710 3067 846 3132 Pamphilo.
