2459 3800
375 462 486 519 ACTUS
504 464 550 513 lll.
583 464 693 514 sentin
711 464 744 513 ll.
915 464 963 513 323

158 599 223 648 Idem
230 599 278 648 hoc
286 598 342 661 tibi,
350 599 416 662 quod
426 601 489 649 bene
497 599 644 663 promeritus
652 598 738 661 fueris,
746 598 960 663 conduplicuverit.

160 692 207 739 Do.
225 690 306 739 Verba
322 690 390 739 iutaec
408 698 474 739 sunt.
506 690 558 739 An.
577 688 764 752 Pamphilamne
781 690 828 737 huc
839 690 900 738 urbe
910 689 961 753 pri·

224 777 373 828 verisineti

161 870 225 917 Tum
234 876 352 932 praeterea
362 869 457 918 horunc
469 882 579 918 amorem
590 868 695 918 distrahi
706 868 812 933 poterin'
822 869 891 933 pati?

163 960 211 1007 Do.
228 960 314 1020 Neque
325 972 380 1019 ego,
392 972 472 1021 neque
490 966 526 1007 tu.
561 959 604 1009 Ge.
621 958 707 1007 Ditibi
716 973 804 1008 ornnes
815 958 851 1020 id,
862 958 928 1021 qnod
938 973 965 1009 es

223 1046 322 1107 dignus,
335 1046 421 1097 duint!

165 1137 213 1184 Do.
231 1136 283 1197 ligo
302 1143 326 1185 te
345 1136 479 1199 compluris
496 1137 628 1187 advorsum
645 1137 771 1199 ingenium
791 1153 873 1189 mcum
894 1153 966 1189 men·

230 1238 269 1273 ses
280 1224 337 1285 tuli,

169 1314 359 1380 Pollicitentem,
382 1315 493 1377 dentem,
512 1323 538 1365 et
557 1316 622 1365 nihil
635 1316 774 1366 ferentem:
792 1332 868 1378 nune,
880 1327 966 1367 contra

233 1402 317 1452 omnia
328 1404 391 1464 lraec,

170 1490 273 1555 Repperi
282 1492 324 1555 qui
336 1492 387 1555 det,
399 1508 479 1555 neque
490 1495 626 1543 lacrumet:
644 1492 768 1543 dalocum
777 1492 929 1543 melioribus.

170 1580 222 1629 An.
240 1580 313 1630 Certe
323 1581 415 1641 hercle,
427 1596 471 1643 ego
483 1580 504 1630 si
515 1580 573 1631 satis
585 1581 756 1642 commemini,
768 1580 813 1630 tibi
823 1581 921 1643 quidem
934 1589 972 1633 est

175 1714 178 1719 .
236 1669 296 1719 olim
306 1669 368 1731 dies,
902 1717 905 1723 .

173 1760 253 1813 Quam
275 1758 397 1807 adderes
418 1757 487 1819 huic,
508 1757 651 1821 praestitntn
695 1760 742 1808 Pl.
772 1760 881 1808 Factum.
924 1761 973 1808 Do.

239 1850 306 1897 Num
317 1847 429 1910 egoistnc
441 1849 519 1910 nego}

174 1940 228 1988 An.
245 1941 303 1988 Janr
326 1954 356 1988 ea
373 1939 510 2003 proeteriit?
535 1941 586 1987 Do.
603 1940 677 1987 Non:
695 1950 780 1987 verum
790 1939 844 1987 lucc
860 1939 884 1987 ei
904 1945 973 1988 ante·

239 2028 320 2077 cessit.
352 2029 404 2076 An.
437 2030 495 2076 Non
507 2027 581 2091 pudet

175 2116 320 2168 Vanitatis?
355 2120 404 2167 Do.
421 2117 543 2178 Minume,
567 2117 626 2166 dum
644 2119 748 2167 obrem.
784 2118 826 2166 Ge.
844 2116 976 2181 sterquili-

242 2207 320 2258 nium.
354 2209 400 2256 Pl.
418 2206 506 2268 Dorio,

179 2299 248 2347 ltane
260 2297 359 2346 tnndem
377 2297 456 2346 fucere
475 2298 589 2360 oportet?
623 2299 673 2345 Do.
690 2297 731 2346 Sic
749 2311 819 2346 sum:
837 2296 859 2346 si
880 2299 975 2359 placeo,

244 2394 322 2436 utere.

180 2477 232 2525 An.
246 2475 413 2525 Siccinehunc
422 2473 532 2538 decipis?
562 2476 611 2523 Do.
624 2475 704 2522 Immo
715 2473 851 2534 enimvero,
860 2473 982 2552 Antipho,

241 2563 281 2613 hic
292 2577 331 2612 me
342 2562 444 2625 decipit:

182 2654 247 2702 Nam
260 2653 300 2702 hic
311 2666 351 2700 me
371 2649 512 2712 hansmodi
524 2648 618 2699 sciebat
629 2663 697 2699 esse:
715 2664 760 2712 ego
769 2651 835 2699 hunc
846 2664 899 2700 esse
911 2651 988 2708 aliter,

248 2740 348 2791 credidi.

186 2833 235 2880 lete
243 2843 284 2879 me
296 2826 400 2878 fefellit:
417 2842 462 2889 ego
474 2825 515 2876 isti
526 2825 605 2875 nihilo
617 2841 672 2889 sum
680 2825 751 2876 aliter
760 2841 788 2876 ac
796 2827 840 2883 fni.

186 2919 235 2970 Sed
245 2927 271 2969 ut
280 2923 310 2968 ut
318 2919 370 2968 haec
382 2924 449 2978 sunt,
461 2923 545 2966 tomen
557 2916 605 2964 hoc
622 2914 727 2966 faciam:
745 2930 800 2966 crue
811 2930 884 2966 mone
895 2930 981 2978 orgen·

250 3016 304 3056 tum
315 3006 377 3056 mihi

187 3097 261 3146 Miles
272 3096 331 3145 dare
342 3109 368 3144 se
380 3094 460 3144 dixit:
478 3093 499 3143 ei
511 3092 573 3142 mihi
584 3091 652 3156 prior
664 3100 691 3143 tu
701 3094 823 3156 attuleris,
836 3096 957 3158 Phaedria,

188 3188 247 3235 Mea
257 3186 311 3247 lege
322 3192 386 3246 utar,
396 3191 423 3232 ut
434 3181 514 3247 potior
520 3182 562 3244 sit,
573 3183 614 3245 qui
626 3183 694 3248 prior
702 3184 733 3234 ad
741 3185 890 3237 dnndnm'et.
923 3187 990 3236 Vale.
