2459 3800
239 491 289 538 aaa
436 489 464 536 r.
480 487 641 538 ιιιιιιιιτιι
659 460 816 537 ‘animm

239 627 298 675 Nou
308 625 408 675 faciam.
441 628 484 674 Ge.
501 625 650 688 Quidagie?
687 629 727 674 So.
739 625 876 674 Proferam.
912 624 954 672 Ge.
968 625 1047 672 Hem!

305 729 361 763 mea
371 716 493 775 Sostrata,
503 714 559 764 vide
567 727 641 777 quam
653 729 706 764 rem
718 728 784 774 agas.

240 807 282 853 Se.
300 807 437 865 Pejoreree
452 805 509 853 ioco
520 817 571 853 mm
589 811 670 867 potest
689 819 754 864 esse,
772 817 845 866 quam
864 801 891 850 in
909 816 958 864 quo
978 817 1046 851 nunc

305 893 354 942 siaa
364 902 410 943 eat.

240 981 351 1031 Primum
359 983 470 1033 indotata
478 992 527 1034 eet:
537 991 590 1032 eum
599 991 782 1046 praetereaquae
788 984 895 1033 secunda
901 984 923 1032 ei
931 984 976 1032 dos
984 990 1049 1042 erat,

241 1071 333 1120 Periit:
351 1087 397 1135 pro
407 1071 500 1133 virgine
508 1072 561 1121 dari
572 1079 677 1136 nuptum
688 1086 739 1121 non
751 1079 838 1135 pooest·
851 1075 905 1122 Hoc
916 1068 1049 1133 relliquom

307 1166 354 1220 est,

243 1247 271 1296 Si
282 1247 375 1297 inficiae
382 1246 439 1308 ibit,
449 1247 519 1298 testis
529 1263 626 1296 meeum
639 1256 678 1297 est
687 1248 806 1308 annulus,
814 1259 887 1308 quem
899 1246 1029 1296 amiserat:

242 1339 369 1386 Postremo
380 1336 478 1398 quando
487 1351 532 1398 ego
543 1336 642 1385 conseia
653 1337 714 1386 mihi
725 1350 790 1396 eum,
802 1349 817 1384 a
828 1349 868 1384 me
881 1335 981 1398 ¹culpam
993 1349 1046 1385 esse

268 1417 271 1425 ’
304 1427 484 1490 haneprocu13

243 1519 330 1578 Neque
340 1516 457 1578 pretium,
469 1529 549 1577 neque
560 1529 613 1564 rem
622 1516 700 1563 uliam
710 1513 887 1576 intercessisse,
898 1513 943 1563 illa
953 1523 997 1563 aut
1005 1529 1046 1563 me

308 1605 542 1666 indignam‚0ee;

242 1693 370 1758 Experiar.
405 1695 447 1742 Ge.
465 1692 615 1748 Quidiatic?
633 1693 723 1742 accedo
743 1700 771 1742 ut
790 1692 879 1742 melius
897 1692 972 1742 dicae.
1006 1694 1048 1741 So.

307 1784 555 1844 'lirquanmmpoaee

243 1871 303 1932 Abi,
315 1879 388 1934 aeque
400 1870 506 1933 Hegioni
523 1878 629 1933 cognato
640 1871 713 1933 huius
723 1885 775 1921 rem
786 1883 886 1921 omnem
898 1875 997 1919 narrato
1007 1881 1051 1917 or-

309 1960 376 2011 dine.

244 2051 310 2097 Nam
320 2049 342 2097 ie
353 2057 438 2097 nostro
450 2050 547 2098 Simulo
558 2050 607 2099 fuit
616 2063 737 2109 summus,
747 2056 772 2097 et
785 2062 831 2097 noe
839 2048 917 2097 coluit
925 2060 1049 2097 maxume.

247 2137 291 2184 Ge.
307 2137 372 2184 Nam
382 2137 466 2185 hercle
476 2136 539 2186 alius
551 2151 625 2187 nemo
637 2136 736 2200 respicit
745 2150 799 2185 noe.
832 2138 872 2185 So.
890 2139 997 2199 Propera
1008 2142 1048 2195 tu,
1108 2186 1109 2191 ,

308 2238 363 2274 mea
373 2225 508 2286 Canthara,

238 2315 321 2363 Curre
332 2332 338 2361 ι
356 2312 513 2364 obstetricem
524 2328 631 2376 arcesse,
642 2323 671 2366 ut
682 2330 757 2378 quum
770 2330 832 2379 opus
843 2315 886 2376 eit,
898 2327 929 2363 ne
940 2312 966 2361 in
978 2324 1048 2361 mora

307 2402 381 2454 nobis
389 2404 445 2453 siet.

349 2639 353 2645 “
454 2640 565 2689 ACTUS
576 2641 629 2693 iii.
663 2638 773 2690 SCENA
790 2639 835 2687 111.

526 2755 631 2801 Derim.
664 2752 760 2801 smus.
787 2748 792 2756 '

241 2858 378 2905 Drsrerrn!
399 2856 574 2919 ctesiphonem
585 2854 666 2905 audivi
677 2854 755 2903 fliium

240 2944 299 2991 Una
309 2943 406 2992 affuisse
414 2942 441 2992 in
452 2942 563 3007 raptione
573 2958 631 2992 eum
641 2942 769 2991 AEsehino.

240 3030 270 3080 id
280 3030 371 3080 misero
382 3038 458 3081 restat
468 3031 531 3081 mihi
542 3031 613 3093 mali,
630 3030 651 3083 si
663 3031 733 3081 illum
745 3036 836 3095 potest,
