2459 3800
242 496 276 542 42
465 495 493 542 Ρ.
510 493 672 542 ΊΈΒΕΝἾἸΙ
688 493 829 543 ANDRIA.

241 638 306 684 Dav.
323 637 386 697 Age,
408 635 429 684 ci
448 634 488 684 hlc
508 647 556 684 uon
579 634 672 689 insanit
688 634 747 684 satis
768 647 813 683 cua
830 642 926 697 sponte,
946 633 1047 696 instiga.

310 727 365 787 My.
382 726 464 788 Atque
472 723 558 787 edepol

244 815 282 862 Ea
301 828 341 863 rea
360 822 413 876 est3
438 821 613 877 proptereaque
633 825 699 860 nunc
719 810 812 861 misera
828 812 854 860 in
873 825 979 862 moerore
997 819 1045 861 est.

306 906 377 952 Pam.
394 901 503 966 Myciu,·

244 995 290 1041 Per
299 1005 384 1041 omnes
395 991 439 1052 tibi
451 991 615 1053 adjurodeos,
623 1004 749 1053 nonquam
761 1005 815 1040 cam
824 1004 864 1041 me
873 992 1042 1041 deserarmm:

243 1084 313 1143 Non,
325 1081 346 1130 ci
358 1081 492 1144 capiundos
509 1081 571 1131 mihi
583 1080 660 1130 aelam
673 1089 727 1131 eoae
739 1081 859 1135 -inimicoa
873 1095 960 1132 omnes
971 1083 1044 1132 horn·

309 1170 371 1219 inea.

245 1262 315 1309 Hanc
325 1260 386 1308 mihi
402 1259 519 1323 expetivi,
530 1259 633 1322 contigit
644 1281 649 1308 :
667 1253 820 1309 conveniunt
834 1273 927 1310 morea:
938 1260 1045 1321 valeant,

245 1350 294 1405 Qui
309 1351 374 1400 inter
383 1365 429 1400 nos
439 1350 568 1401 discidium
579 1351 675 1399 volunt.
688 1353 768 1410 Hanc,
779 1350 829 1400 nial
840 1365 917 1411 mora,
929 1349 991 1400 mihi
1002 1349 1046 1399 ad-

309 1441 370 1491 iuret
380 1455 461 1490 nemo.

245 1531 288 1578 Oh.
306 1530 438 1595 Resipisco.
471 1533 544 1580 Pom.
561 1532 618 1580 Non
630 1528 754 1594 Apollinis
770 1529 847 1593 magia
861 1545 957 1593 rerum,
973 1539 1046 1594 atque

309 1619 368 1680 hoc,
379 1634 523 1683 responsum
533 1627 578 1669 eol.

244 1708 271 1758 Si
283 1709 373 1771 poterit
382 1709 447 1769 fieri,
459 1716 487 1757 ιιι
498 1722 529 1757 ne
540 1715 609 1773 pater
619 1722 662 1771 per
674 1721 715 1756 me
727 1707 823 1758 audace
833 1708 926 1769 credat,

245 1799 301 1852 Quo
313 1797 393 1846 minus
404 1798 443 1846 hae
458 1797 544 1846 fierent
555 1795 657 1859 nuptiae,
667 1797 726 1845 volo
737 1816 743 1844 ι
761 1797 804 1845 ced
815 1796 837 1846 ai
849 1797 874 1846 id
885 1812 937 1845 non
944 1795 1046 1860 poterit,

245 1886 272 1936 ld
285 1887 385 1948 faciam,
397 1885 422 1935 in
435 1884 536 1949 proclivi
547 1885 613 1948 quod
624 1892 724 1949 cst,per
736 1900 776 1935 me
783 1885 879 1937 stetisse
891 1893 920 1936 ut
928 1885 1019 1936 credat.

245 1976 306 2031 Quis
317 1976 418 2025 videor?
457 1976 501 2024 ol.
519 1974 596 2023 Miser
617 1982 772 2037 aequeatque
784 1990 837 2039 ego·
868 1979 941 2025 Pam.
958 1975 1049 2027 Consi·
1083 2030 1087 2033 ,

311 2063 372 2113 lium
383 2077 475 2125 quaero.
511 2063 556 2111 Ch.
578 2060 667 2111 Fortis.

244 2156 315 2203 Pam.
333 2144 390 2204 Scio
409 2153 467 2215 quid
488 2166 585 2201 cocere.
629 2154 697 2203 Doc-
724 2156 780 2203 Hoc
799 2167 845 2216 ego
866 2153 913 2203 tibi
934 2154 1046 2218 profecto

308 2243 420 2291 effectum
431 2242 540 2290 reddam.

242 2337 314 2385 Pam.
331 2337 389 2384 Jam
411 2334 458 2383 hoc
479 2348 539 2397 opus
560 2344 605 2384 est.
639 2338 705 2383 Dav.
723 2334 790 2390 Quin
806 2336 858 2395 jam
878 2334 965 2383 habeo.
1000 2336 1045 2384 Gi.

308 2423 373 2477 Quid
385 2426 442 2473 esc?
478 2426 547 2473 Daci
563 2424 638 2485 Huic,
650 2438 701 2473 non
711 2424 767 2485 tibi,
777 2424 869 2485 habeo,
879 2438 912 2473 ne
921 2438 997 2474 erres.

245 2514 288 2562 Ol.
303 2514 346 2563 Sat
363 2512 450 2561 habco.
475 2515 558 2561 ram.
582 2513 649 2568 Quid
670 2513 765 2563 facies?
786 2514 862 2563 cedo.
900 2516 968 2563 Dav.
985 2513 1046 2563 Diea

307 2600 368 2649 mihi
378 2600 418 2650 hic
429 2608 457 2650 ut
467 2601 499 2651 sit
509 2602 568 2652 satia
576 2618 663 2653 vereor

240 2691 280 2740 Ad
296 2689 434 2754 agendum3
452 2705 484 2739 ne
501 2705 605 2741 vacuum
625 2708 679 2743 ease
698 2708 738 2743 me
757 2708 824 2743 nunc
844 2692 875 2743 ed
893 2692 1044 2742 narrandum

303 2780 395 2830 credas.

241 2869 348 2919 Proinde
358 2870 417 2919 hinc
427 2885 470 2920 vos
479 2871 617 2920 amolimini
627 2894 632 2921 ι
652 2886 708 2921 narn
719 2872 780 2920 mihi
791 2871 967 2935 impedimento
977 2872 1045 2923 estis.

240 2959 313 3007 Pani,
329 2960 382 3020 Ego
392 2958 550 3009 hancviaam.
590 2962 657 3009 Dav.
675 2959 740 3016 Quid
751 2962 797 3008 tu?
816 2974 865 3023 quo
872 2960 1042 3023 hincceagis?

309 3048 353 3097 Ol.
373 3049 466 3098 Verum
476 3048 513 3097 vis
524 3046 605 3098 dicam
617 3051 627 3097 ?
663 3050 730 3098 Dav.
748 3050 803 3098 lrno
814 3049 906 3099 edum:

241 3134 397 3187 Narrationis
407 3135 493 3200 incipit
505 3135 567 3186 mihi
580 3136 687 3187 initium.
723 3139 767 3187 cl.
784 3137 850 3192 Quid
862 3152 902 3187 me
910 3139 973 3189 liet?
