2459 3800
363 479 474 528 ACTUS
492 480 537 528 111.
570 477 681 528 SCENA
698 480 743 528 ΙΙΙ.
807 438 809 442 Α
937 478 971 526 33

166 620 298 668 Postremo
308 616 334 667 id
344 617 444 668 mihida
455 619 550 681 negati:
569 627 597 668 tu
608 627 691 668 tamen
701 620 746 668 has
756 617 854 682 nuptias

165 710 243 770 Perge
254 710 334 758 facere
344 709 390 770 ita,
402 716 429 758 ut
439 709 499 758 facia
510 729 516 759 ε
534 717 560 758 et
571 710 596 758 id
607 724 679 773 spero
689 709 816 772 adjuturos
826 710 894 758 deae.

167 802 203 849 Si.
222 800 275 848 Imo
291 797 332 847 abi
348 798 429 848 iutro:
446 799 480 847 ibi
496 813 536 849 me
553 800 677 864 opperire,
689 807 724 861 et,
736 799 802 863 quod
812 805 897 862 parate
907 810 970 860 opus

233 896 279 949 est,
290 902 357 951 para.
740 937 743 941 ,
767 937 770 940 ,

167 981 227 1032 Nou
238 979 337 1044 impulit
348 994 398 1040 me,
409 981 462 1028 haec
474 995 537 1028 nuuc
549 980 651 1029 omuino
659 987 688 1029 ut
695 980 830 1028 crederem.

167 1070 249 1130 Atque
259 1069 320 1119 haut
327 1068 388 1130 scio,
399 1082 441 1130 an,
453 1083 506 1130 quet
517 1069 590 1131 dixit,
598 1069 650 1118 siut
657 1083 714 1118 vera
724 1068 821 1118 omnia:
840 1052 842 1056 V

168 1157 217 1207 Sed
224 1158 293 1221 parvi
302 1157 398 1220 pendo:
416 1157 479 1214 illud
487 1156 548 1206 mihi
559 1159 639 1208 multo
650 1157 830 1218 maximum’st,

167 1246 242 1301 Quod
254 1245 315 1294 mihi
325 1245 483 1313 poilicime'st
493 1245 560 1309 ipsus
570 1255 665 1315 gnatus.
678 1249 750 1296 Nunc
758 1247 890 1298 Chremem

168 1334 319 1386 Conveniam
332 1356 337 1384 :
351 1335 428 1383 orabo
438 1341 513 1396 gnato
523 1333 641 1384 uxorem:
660 1335 681 1384 ei
692 1336 807 1399 impetro,

169 1424 235 1480 Quid
247 1425 306 1474 alias
318 1424 414 1484 malim,
426 1439 498 1486 quam
507 1425 581 1473 hodie
590 1425 698 1474 haetieri
710 1426 819 1487 nuptiae?

168 1516 233 1564 Nam
245 1522 333 1576 gnatus
340 1514 404 1577 quod
414 1514 580 1578 pollicitua’st,
592 1517 654 1564 haut
664 1514 799 1564 dubium’st
809 1516 881 1577 mihi,

169 1607 196 1658 Si
208 1608 283 1670 nolit,
293 1607 351 1671 quin
363 1622 420 1656 eum
432 1608 520 1658 merito
531 1607 624 1671 poesim
634 1623 731 1670 cogere.

116 1699 119 1704 “
169 1699 252 1760 Atque
259 1697 321 1748 adeo
328 1697 355 1748 in
366 1697 420 1761 ipsc
428 1705 539 1762 tempore
550 1713 634 1748 eccum
646 1699 727 1762 ipsum
739 1699 843 1748 obviam.

373 1917 484 1983 Aecus
502 1918 548 1966 m.
594 1918 704 1968 scama
722 1918 766 1966 111.

446 2032 524 2079 Snuo.
559 2031 699 2080 canamus.

170 2145 185 2193 J
191 2156 259 2193 uuuo
283 2143 447 2193 Chremetem.
483 2144 526 2192 ct.
544 2144 566 2193 Ο
581 2146 587 2192 !
605 2150 631 2193 te
653 2144 734 2207 ipsum
757 2146 903 2208 quaerebam.
940 2148 975 2196 Si.
1040 2188 1045 2197 .

237 2234 270 2281 Et
278 2247 323 2294 ego
334 2240 367 2282 te.
402 2233 445 2281 Clu.
463 2232 554 2296 Optato
565 2232 672 2282 advenis.

169 2320 274 2385 Aliquot
284 2335 324 2370 me
333 2320 426 2382 adiere,
436 2335 467 2370 ex
480 2328 505 2369 te
516 2320 628 2370 auditum
639 2322 681 2384 qui
691 2322 799 2383 aiebant,
807 2322 881 2373 hodie
897 2322 974 2373 filiam

170 2413 254 2461 Meam
266 2410 358 2460 nubere
369 2418 412 2459 tuo
423 2416 513 2471 gnato:
533 2408 559 2457 id
566 2410 629 2471 vieo,
638 2412 743 2471 tun'‚an
754 2411 792 2460 illi
801 2411 934 2461 insaniant.

170 2503 206 2551 Si.
232 2502 370 2550 Ausculta!
403 2500 496 2563 paucis,
508 2507 534 2549 et
549 2500 608 2562 quid
625 2514 671 2561 ego
688 2507 713 2550 te
730 2499 815 2561 veiim,
831 2508 856 2549 et
870 2508 898 2549 tu
909 2501 975 2563 quod

228 2588 335 2657 quaeris,
347 2587 417 2638 scies.

173 2680 218 2729 Clo.
235 2680 369 2735 Ausculto:
387 2679 488 2740 loquere
499 2678 558 2740 quid
570 2678 638 2728 velie.

170 2770 207 2819 Si.
225 2770 273 2817 Per
283 2775 308 2816 te
315 2768 373 2816 dece
382 2781 438 2827 oro,
449 2772 474 2815 et
484 2774 595 2816 nostram
607 2765 750 2826 amicitiam,
764 2767 880 2828 Chreme,

171 2860 233 2913 Qum
240 2856 338 2920 incepta
348 2870 363 2904 a
373 2854 464 2919 partie,
475 2871 532 2904 cum
540 2862 612 2908 aetate
623 2854 728 2903 accrevit
738 2854 811 2903 simul
823 2874 832 2917 ;

173 2948 269 3010 Perque
279 2946 378 2995 unicam
393 2952 491 3007 gnatum
503 2953 581 3004 tuam,
593 2953 618 2994 et
629 2951 729 3005 gnatum
741 2958 835 3005 meum,

174 3036 251 3097 Cujus
262 3034 308 3085 tibi
319 3041 426 3099 potestas
438 3048 535 3083 summa
546 3032 659 3083 servandi
671 3032 758 3081 daur:

172 3123 209 3174 Ut
219 3137 257 3173 me
265 3122 366 3185 adjuves
377 3122 404 3171 in
413 3124 459 3172 hac
471 3136 509 3184 re,
519 3128 592 3185 atque
604 3122 649 3181 ita,
660 3127 689 3169 ut
697 3117 787 3183 uuptiae

570 3224 588 3259 u
