2459 3800
216 438 248 486 90
411 441 440 488 Ρ.
454 439 616 489 mathan
634 437 833 490 EUNUCHUS.

220 581 282 628 Erat
302 577 401 642 quidam
427 580 571 641 Eunuchus,
597 594 670 642 quem
692 587 814 630 mercatus
845 579 926 628 iuerat
948 578 1024 627 irater

285 669 395 719 Thaidi:

222 761 309 822 Neque
319 759 341 809 is
352 759 470 810 deductus
479 759 620 810 edumdum
632 760 663 809 ad
673 773 737 809 eam.
754 758 904 810 submonuit
915 773 954 808 me
966 761 1027 808 Par-

287 863 361 899 meno

223 939 260 987 Ibi
272 953 364 1002 servum,
375 941 440 1003 quod
451 955 496 1002 ogo
506 940 608 1004 arripui.
640 941 693 989 An.
710 939 776 993 Quid
787 939 812 989 id
824 941 880 989 est?
917 940 961 988 Ch.
976 939 1028 987 Ta-

287 1029 351 1080 citus
361 1031 433 1080 citius
443 1031 527 1081 audies
537 1051 543 1079 :

224 1119 260 1167 Ut
273 1126 365 1168 vestem
380 1135 437 1168 cum
447 1134 478 1169 eo
489 1128 594 1182 mutem,
606 1128 632 1170 et
643 1136 688 1185 pro
700 1122 744 1171 illo
752 1121 852 1183 jubeam
863 1133 902 1169 me
914 1119 975 1169 illoc
984 1119 1027 1168 de·

288 1206 381 1256 ducier.

224 1295 276 1343 Au.
294 1296 344 1344 Pr0
354 1296 522 1345 Eunuchon'?
560 1298 603 1346 ct.
620 1297 661 1348 Sic
677 1305 722 1348 est.
754 1300 806 1347 An.
824 1297 890 1352 Quid
906 1311 938 1347 ex
955 1311 984 1346 ea
1004 1311 1031 1346 re

291 1385 392 1435 tandem
403 1394 433 1435 nt
442 1399 543 1450 caperes
550 1387 693 1437 commodi?

228 1476 272 1525 ct.
288 1477 388 1537 Rogas?
404 1476 524 1538 riderem,
543 1476 666 1538 audirem,
684 1491 764 1526 essem
783 1490 844 1537 una,
863 1489 969 1538 quacum
985 1488 1030 1523 cu·
1123 1497 1126 1502 ·

291 1564 398 1627 piebarn,
409 1565 528 1628 Antipho.

227 1653 295 1700 Num
313 1667 388 1716 parva
401 1667 485 1714 curua,
501 1660 545 1702 aut
555 1668 631 1717 parva
641 1653 752 1704 ratio'st?
769 1653 886 1702 Traditus
905 1666 960 1701 sum
974 1666 1030 1700 mu·

294 1741 359 1791 lieri.
393 1742 395 1746 ’
416 1779 424 1793 ,

209 1848 214 1865 ·
229 1831 277 1879 Illa
286 1829 355 1878 illico
368 1829 409 1879 ubi
420 1843 460 1878 me
469 1831 572 1894 accepit,
581 1833 638 1882 iata
650 1846 706 1881 vero
718 1831 749 1896 ad
760 1845 786 1880 se
797 1830 895 1880 abducit
904 1830 1023 1884 domum:

228 1918 393 1971 Commendat
414 1920 541 1981 virginem.
592 1924 645 1971 Aa.
663 1922 725 1971 Cui?
750 1921 848 1973 tibine?
892 1921 935 1969 Ch.
960 1918 1034 1968 Mihi.

294 2009 347 2056 An,
364 2006 428 2056 Satis
436 2015 490 2057 tuto
500 2016 594 2058 tamen.

233 2100 277 2148 Ch.
292 2096 384 2155 Edicit,
401 2110 433 2149 ne
444 2098 481 2147 vir
492 2098 621 2161 quisquam
642 2100 744 2149 adeam
756 2099 844 2148 adeat:
863 2106 888 2148 et
905 2098 978 2159 mihi,
999 2112 1031 2146 ne

295 2188 434 2247 abscedam,
446 2189 565 2251 imperat:

230 2281 259 2327 ln
270 2277 388 2327 interiore
397 2285 466 2341 parte
476 2285 505 2326 nt
515 2292 628 2327 maneam
640 2278 708 2327 solus
719 2292 776 2327 cum
786 2278 848 2327 sola.
865 2280 968 2336 Annuo,

229 2369 335 2416 Terram
345 2366 444 2416 intuens
455 2366 573 2417 modeste.
605 2369 658 2417 An.
674 2366 771 2416 Miser!
809 2368 850 2416 Ch.
867 2366 929 2429 Ego,
943 2365 1033 2428 inquit,

296 2454 433 2504 fflooeuam
444 2454 553 2504 hinceo.
866 2476 870 2482 ’

230 2543 338 2593 Abducit
347 2557 431 2592 secum
442 2542 560 2594 ancillas:
579 2558 672 2607 paucae,
690 2559 743 2606 quae
755 2544 849 2593 circum
861 2544 930 2592 iliam
941 2549 1034 2604 essent,

297 2640 409 2694 manent,

231 2722 348 2783 Novitiae,
359 2722 464 2785 puellae:
483 2722 600 2772 contiuuo
610 2723 664 2771 haec
674 2722 804 2783 adornant,
816 2731 844 2771 ut
853 2722 926 2771 iavet.
1027 2738 1036 2757 Δ
1057 2702 1069 2728 '¹

232 2811 369 2872 Adhortor,
391 2819 540 2875 proponente
561 2812 620 2860 dum
632 2820 772 2875 apparatur,
791 2811 860 2873 virgo
879 2810 906 2859 iu
926 2795 1037 2877 conddvi

298 2899 376 2961 sodet,
954 2901 967 2946 t

234 2992 382 3055 Suspectans
397 2992 507 3042 tabulam
518 2992 641 3055 quandam
661 2991 762 3056 pictam,
779 2992 821 3041 ubi
840 2980 1037 3087 ineratipictura

299 3079 365 3130 hec:
383 3082 472 3131 iorem
932 3098 952 3157 j
