2459 3800
223 476 255 523 98
411 479 438 527 P.
454 478 616 528 inunum
633 474 832 530 EUNUCHUS.

221 615 305 688 fiens!
323 625 411 677 negato
421 633 519 668 rursum
533 640 539 668 ε
557 633 691 682 possumne
702 634 748 682 ego
757 618 834 668 hodie
844 633 876 667 ex
891 626 916 669 te
926 620 1025 669 exscul-

288 720 346 769 pero

222 795 338 844 Verum?
363 795 471 860 vidistin’
501 798 603 847 fratrem
628 797 773 848 Chaeream?
809 799 858 846 Do.
881 799 948 846 Non.
981 799 1027 845 Ph.

287 883 502 946 Noupoteetsine
697 887 699 892 '
872 885 875 890 ’

217 975 293 1054 ¹Molo
300 975 457 1038 interi,video
468 998 475 1027 t
492 993 594 1042 sequere
602 980 663 1028 hac:
681 979 757 1028 modo
766 977 812 1038 ait,
823 979 898 1028 modo
908 986 990 1040 negat.

222 1065 274 1113 Ora
286 1079 336 1113 me.
369 1068 418 1115 Do.
434 1067 545 1116 Obsecro
562 1077 587 1117 te
603 1083 673 1130 vero,
692 1068 812 1118 Phaedria.
845 1072 892 1118 Ph.
909 1071 946 1118 ln‘
958 1069 1025 1117 intro

287 1159 437 1218 nuucjem?
472 1162 522 1207 Do.
540 1159 583 1220 Oi,
595 1160 628 1208 ei.
690 1165 693 1172 ⁴
930 1157 960 1164 ”

219 1248 266 1295 Ph.
282 1245 340 1295 Alio
351 1255 422 1310 pacto
433 1248 536 1298 honeste
541 1264 590 1312 qno
601 1249 676 1298 modo
687 1249 745 1298 hinc
756 1251 842 1299 abeam
853 1249 949 1299 nescio:

218 1336 477 1399 Actum’stsiquidem.
494 1340 581 1387 Tume
589 1337 629 1386 hic
638 1337 723 1400 etiam,
731 1339 832 1399 nebulo,
843 1335 1018 1388 ludificabere?
1033 1329 1035 1336 ’

175 1434 180 1439 ’
219 1428 266 1488 Py.
284 1427 445 1476 Parmenonis
459 1435 510 1476 tom
525 1428 577 1477 scio
597 1442 650 1478 esse
668 1429 732 1477 hauc
749 1424 874 1489 uechnam,
893 1442 967 1490 quain
984 1443 1024 1476 ine

283 1516 373 1564 vivere.

218 1609 267 1654 Do.
285 1605 325 1656 Sic
347 1614 395 1656 est.
426 1611 473 1670 Py.
491 1607 616 1658 Inveniam
638 1608 680 1671 pol
703 1606 789 1667 hodie,
812 1621 897 1670 parem
921 1606 963 1655 ubi
983 1621 1022 1655 re·

283 1697 361 1745 feram
369 1697 483 1757 gratiam.
516 1732 518 1735 -

218 1785 269 1834 Sed
284 1800 351 1834 nunc
363 1785 423 1848 quid
439 1786 578 1835 faciendum
595 1799 693 1847 censes,
704 1785 813 1835 Dorias?
850 1787 897 1836 Do.
913 1787 951 1835 De
962 1785 1022 1836 istac

282 1889 353 1936 ¹⁰8&

216 1961 338 2024 Virgine?
376 1966 423 2026 Pu.
441 1965 491 2026 ita3
508 1971 592 2013 utrum
603 1972 742 2024 taceamne,
751 1977 782 2012 au
790 1964 936 2027 praedicem?
972 1968 1023 2015 Do.

280 2052 498 2116 i'npoi,sisepis,

216 2141 290 2195 Quod
306 2141 364 2202 scis,
375 2142 466 2203 nescis,
478 2156 558 2204 neque
575 2141 605 2190 de
616 2142 748 2202 Eunucho,
760 2154 839 2203 neque
849 2142 880 2191 de
898 2141 957 2191 vitio
969 2142 1019 2193 vir-

212 2245 216 2253 *
280 2229 361 2291 ginis:

215 2320 268 2367 Hac
280 2332 307 2367 re
318 2326 344 2367 et
354 2326 378 2367 te
390 2317 459 2367 omni
468 2320 541 2368 mrba
552 2320 660 2380 evolves,
671 2325 697 2368 et
708 2318 746 2367 illi
757 2328 853 2381 gratum
865 2320 961 2370 seceris.
1024 2330 1026 2336 ·

215 2411 244 2465 Id
263 2408 337 2458 modo
351 2407 402 2469 dic,
417 2408 497 2457 ubine
515 2410 620 2458 Dorum.
652 2411 699 2470 Py.
718 2410 756 2457 Ita
774 2408 871 2459 faciam.
904 2413 953 2460 Do.
970 2412 1020 2461 Sed

278 2499 542 2550 videon'chremem?
1024 2502 1026 2507 '

212 2591 288 2641 'Pholo
304 2594 357 2653 jam
374 2590 461 2641 aderit.
493 2594 540 2653 Py.
557 2589 623 2646 Quid
641 2588 696 2640 ita?
729 2593 778 2641 Do.
796 2592 870 2654 Quia,
880 2606 935 2641 cum
960 2591 1017 2643 inde

275 2682 406 2742 obediam
419 2689 472 2730 tum
484 2681 609 2745 inceperat

210 2772 295 2820 Turbo
311 2770 376 2819 inter
394 2784 446 2819 eon.
464 2773 526 2832 'Pu
543 2770 623 2820 Aufer
640 2784 729 2819 aurum
751 2772 817 2823 hoc:
834 2786 880 2833 ego
899 2771 967 2822 scibo
984 2786 1015 2823 ex

275 2860 334 2920 hoc,
343 2858 402 2920 quid
413 2858 469 2909 siet.
