2459 3800
236 472 283 521 116
425 474 453 521 P.
466 470 630 521 ἿῈΒΕΝἸῚΙ
648 468 849 521 EUNUCHUS.

236 613 345 661 Omnem
363 612 511 675 ostendam
527 612 568 661 cni
584 619 635 661 tam
653 610 735 661 subito
753 617 791 660 tot
806 608 955 671 contigerint
972 622 1042 657 conr·

302 699 383 749 moda
643 706 644 711 ’
799 688 802 693 ’

237 787 297 835 Por.
310 784 380 839 Quid
389 784 431 833 hic
440 786 513 834 laenas
525 787 584 834 est?
614 786 658 833 ct.
676 784 699 835 0
711 786 836 834 Parmeno
847 783 892 843 mi,
904 798 920 831 o
930 796 1040 833 mearum

302 874 457 935 voluptatum
466 873 579 922 omnium
613 880 618 887 ‘

238 962 367 1020 Inventor,
378 961 502 1024 inceptor,
514 962 652 1025 perfector:
670 960 731 1010 acin'
744 975 784 1009 me
794 960 819 1009 in
831 960 920 1023 quihus
928 958 973 1007 sim
983 972 1042 1021 gau·
1069 970 1078 975 ·

304 1048 372 1098 diis?

234 1138 289 1188 Scis
310 1136 464 1201 Pamphilam
486 1152 567 1187 meam
585 1138 712 1188 inventam
733 1138 834 1187 civem?
868 1140 929 1187 Pur.
946 1136 1044 1187 Audivi.

303 1226 347 1273 Ch.
363 1224 417 1275 Scis
427 1239 542 1288 sponsam
551 1225 630 1274 mihi?

237 1316 299 1363 Pur.
309 1314 388 1373 Bene,
400 1313 436 1361 ita
447 1328 487 1362 me
497 1313 530 1362 Di
539 1320 634 1375 ament,
647 1315 748 1363 iactum.
773 1316 820 1363 Gn.
832 1313 924 1363 Audin’
936 1320 964 1361 tu
972 1312 1044 1360 illum

303 1404 362 1467 quid
373 1404 427 1453 ait?
465 1407 509 1453 Gla
524 1407 590 1453 'lum
601 1412 683 1455 antem
697 1404 816 1454 Phaedriae

240 1496 299 1543 Meo
317 1492 390 1543 fratri
408 1493 502 1555 gaudeo
523 1508 632 1543 amorem
653 1509 706 1544 ease
726 1508 827 1543 omnem
846 1494 872 1542 in
894 1484 1044 1555 tranquillo:

304 1581 493 1631 una'stdomus.

238 1670 316 1720 Thais
326 1670 389 1734 patri
397 1670 616 1720 recommendavit
627 1670 652 1720 in
665 1670 805 1720 clientelam
815 1676 841 1718 et
853 1669 927 1719 fidem
938 1690 945 1719 e

241 1758 320 1808 Nobis
339 1758 461 1807 deditae.
494 1762 556 1807 Por.
574 1758 666 1809 Fratris
687 1758 762 1821 igitur
772 1758 850 1809 Thais
861 1760 965 1808 totr'st?
1002 1760 1045 1807 Ch.

242 1940 303 1985 Par.
318 1937 377 1986 lam
395 1937 443 1984 hoc
463 1935 531 1986 aliud
547 1937 662 1999 estquod
673 1937 836 2000 gaudeamus:
851 1936 927 1985 'miles
945 1935 1046 1999 pellitur

308 2025 383 2074 foras.

245 2114 288 2162 Ol.
304 2115 354 2174 Tu,
366 2115 443 2163 frater
461 2114 502 2164 ubi
513 2115 556 2164 nbi
567 2123 617 2177 eat,
636 2117 674 2166 sao
687 2131 759 2180 quam
773 2116 880 2180 primum
892 2115 944 2163 haeo
955 2111 1046 2162 audiat.

308 2187 369 2251 Por.
385 2202 469 2252 Visam
486 2204 596 2253 domum.

247 2291 306 2340 Thr.
322 2291 461 2354 Numquid,
481 2294 592 2354 Gnatho,
602 2291 710 2353 dubitas,
722 2293 782 2356 quin
793 2306 839 2353 ego
851 2306 917 2342 nunc
928 2297 1046 2355 perpetuo

307 2380 445 2443 perierim?

246 2473 294 2522 Gn.
310 2470 371 2520 Sine
389 2471 475 2533 dublo,
485 2472 592 2536 opinor.
620 2473 675 2520 ‘Gla
693 2470 759 2526 Quid
783 2483 975 2522 commemorem
997 2467 1049 2532 pri-

310 2575 379 2609 mum
390 2563 400 2611 ἓ
419 2568 463 2610 aut
473 2561 571 2610 laudem
582 2562 717 2609 maxume?

245 2649 364 2710 Illumne,
375 2648 417 2712 qui
425 2649 488 2698 mihi
499 2648 567 2698 dedit
576 2647 718 2709 consilium,
730 2654 758 2696 ut
768 2648 875 2696 iacerem
885 2667 890 2696 :
902 2661 933 2696 an
945 2659 995 2706 me,
1007 2645 1049 2706 qui

311 2737 442 2786 ausussim

246 2825 376 2888 inciperci
393 2839 425 2875 an
436 2826 563 2876 fortunam
573 2824 724 2885 collaudem,
736 2839 790 2888 quaa
802 2819 961 2886 gubernatrix
971 2820 1036 2882 fuit3

246 2917 308 2970 Quae
328 2923 366 2964 tot
376 2929 428 2976 res,
444 2922 537 2976 tanus,
556 2922 607 2967 tam
624 2922 761 2978 opportune
781 2914 808 2962 in
829 2926 907 2962 unum
929 2909 1051 2960 conclusit

317 3003 408 3054 diem?

244 3092 345 3143 Anmei
357 3091 433 3155 patris
443 3090 600 3145 festivitatem
614 3091 811 3142 nocuitatem?
846 3087 1005 3153 Olnppitcr,
1047 3101 1049 3106 ’
