2459 3800
227 447 266 531 *en
425 483 452 530 n.
468 481 630 531 nunnnnn
647 480 845 531 nunucnns.

234 616 315 679 Scin’,
326 618 456 681 siquando
467 618 512 667 ille
521 617 673 667 mentionem
686 616 805 667 Phaedrioe

232 705 311 765 Fecit,
322 713 365 755 unt
375 706 396 754 si
407 706 501 765 laudat,
512 713 537 755 te
547 713 575 754 ut
586 708 650 755 male
663 713 719 754 urat
731 709 741 754 ?
780 708 826 755 Th.
842 706 937 757 Sentio.

235 795 282 842 Gn.
299 794 328 842 id
338 801 405 843 utne
417 794 471 854 fiat,
481 794 533 843 haee
546 808 585 843 res
598 794 684 843 eoln’st
696 794 820 844 remedio=

224 858 283 932 'uu
294 882 432 931 nominabit
440 883 589 944 nnaennm,
600 893 629 933 tu
641 884 796 947 oampnnam

232 970 370 1020 Continuo:
388 971 409 1019 si
420 971 518 1033 uniendo
528 971 573 1021 ille
583 972 658 1033 diuet,
670 972 808 1033 Phaedriam

230 1059 426 1109 intromittemus
437 1060 636 1111 commissatum:
654 1069 693 1121 tn,
709 1062 864 1125 Pamphilam

236 1150 368 1200 Genmtnnn
379 1164 549 1213 provocemus.
566 1151 593 1201 Si
602 1151 714 1202 laudabit
724 1152 777 1201 haec

232 1238 302 1289 iliius
313 1239 433 1289 formem:
446 1248 474 1289 tu
484 1239 558 1300 hnjnn
568 1248 664 1289 contra.
692 1240 803 1302 Denique

232 1327 281 1377 Pur
292 1342 338 1391 pro
348 1327 400 1391 pati
410 1329 513 1387 referto,
525 1327 591 1391 quod
601 1341 657 1376 enm
670 1327 789 1377 mordeat.

235 1418 280 1465 Th.
299 1417 325 1467 si
345 1417 444 1480 quidem
461 1431 500 1465 me
512 1422 615 1475 amaret,
625 1424 679 1465 tum
696 1415 759 1465 istnc
774 1414 912 1478 prodesset,
924 1416 1035 1465 Gnatho.

234 1506 281 1554 Gn.
297 1506 403 1561 Quando
414 1505 486 1566 illud,
495 1504 563 1568 quod
573 1512 601 1553 tn
611 1505 666 1565 das,
678 1510 803 1567 exspectat
813 1510 885 1565 utque
896 1511 979 1553 amat:

233 1595 292 1645 Jam
303 1594 396 1645 dudum
407 1602 433 1643 te
443 1602 526 1643 amnt:
540 1592 696 1655 jamdudum
707 1592 745 1640 illi
756 1591 829 1641 facile
840 1592 878 1653 fit,

235 1678 308 1732 Quod
314 1659 401 1727 'doleat
411 1699 416 1726 :
437 1679 525 1728 metuit
534 1691 642 1741 semper,
653 1691 726 1740 quem
737 1676 790 1739 ipsa
799 1692 864 1727 nune
874 1677 938 1741 cupit

235 1766 364 1826 Fructum,
373 1781 405 1815 ne
414 1767 511 1829 quando
520 1767 597 1816 iratus
607 1774 635 1815 tn
647 1766 698 1814 alio
708 1766 831 1817 conferve.

236 1857 280 1905 Th·
299 1857 366 1906 Bene
376 1855 452 1906 dixti:
470 1855 565 1906 etmihi
576 1856 639 1906 isone
650 1870 700 1906 non
710 1856 735 1906 in
747 1863 856 1906 mentem
865 1863 970 1908 venerat.

235 1947 282 1995 Gn.
299 1945 438 1994 Ridiculum
450 1965 459 2010 ς
477 1947 605 1996 nonenim
616 1947 736 2008 cogitaras
750 1965 756 1998 ι
773 1955 889 1998 cenerum

235 2032 303 2082 Idem
312 2034 359 2083 hoc
370 2041 423 2084 tute
433 2034 522 2085 melius
531 2044 624 2098 quanto
634 2035 779 2097 invenisses,
791 2037 904 2086 Thraso!

447 2270 558 2321 Aenos
577 2271 622 2319 ΠΙ.
664 2270 775 2320 SCENA
792 2271 826 2320 11.

269 2383 363 2431 Tnhm.
403 2385 521 2432 Tnmso.
554 2375 695 2432 Pnun'nno.
727 2385 847 2432 Gnnnno.
881 2385 1006 2432 Pnnflms.

236 2483 343 2533 Auonnn
353 2497 437 2533 vocem
449 2484 501 2534 visa
511 2499 567 2534 snm
578 2484 653 2534 modo
663 2484 764 2534 militis:

238 2573 320 2634 Atque
331 2586 424 2622 eccum.
445 2575 529 2634 Salve,
540 2573 576 2624 mi
585 2573 691 2624 Thraso.
727 2575 786 2622 Thr.
804 2571 913 2623 ommis
926 2585 990 2632 men,

237 2663 323 2711 Meum
336 2663 458 2725 suavium,
468 2663 527 2727 qnid
537 2664 635 2724 egitur?
654 2663 738 2727 ecquid
751 2677 796 2712 nos
808 2675 875 2712 amas

236 2752 274 2799 De
286 2751 384 2800 fidicina
393 2751 474 2802 istnc?
509 2755 569 2802 Par.
587 2734 667 2807 Quam
678 2754 796 2802 venuste!
813 2750 880 2814 qnod
891 2749 958 2800 dedit

236 2838 386 2901 Principium
398 2840 543 2890 adveniens!
581 2843 643 2890 Tha.
661 2840 799 2890 Plurimum
811 2839 900 2890 merito
912 2847 964 2889 tuo.

240 2930 286 2979 Gn.
299 2930 391 2978 Eamus
402 2944 460 2993 ergo
479 2930 510 2979 dd
527 2945 642 2980 ooenam:
660 2930 718 2993 quid
738 2932 805 2980 stas?
837 2933 899 2982 Par.
917 2932 981 2978 Hem
1001 2929 1036 2977 ei-

302 3026 394 3082 terum3

239 3111 279 3158 Ex
289 3109 390 3161 homine
401 3110 468 3161 huno
478 3118 563 3162 natum
575 3110 651 3162 dieas.
687 3113 749 3161 Tha.
771 3111 821 3162 Ubi
832 3111 879 3172 vis,
888 3125 939 3160 non
946 3124 1039 3160 moror.
