2459 3800
230 476 276 525 198
421 477 450 526 P.
465 475 627 526 tunulum
645 474 802 524 Aoelplll.

226 616 269 664 So.
286 614 335 670 Qui
348 615 418 678 potiti
427 615 528 678 melius,
545 615 588 679 qui
606 613 681 664 hodie
700 629 779 678 usque
799 627 828 663 os
839 611 955 677 prebui?
988 614 1032 675 Sy'.

291 706 355 766 Age,
366 703 414 753 scis
426 704 485 767 quid
495 706 601 766 loquar?

227 792 359 842 Pecuniam
370 792 397 841 in
407 794 464 842 loco
472 793 606 856 negligere,
614 791 751 842 maximum
760 791 917 844 interdum'st
925 793 1033 842 lucrum.

296 880 363 930 Hui!

227 969 352 1031 Metuisti‚
361 970 385 1020 si
393 985 460 1020 nunc
470 971 502 1020 de
511 975 556 1021 tuo
564 973 620 1033 jure
631 974 793 1023 concessisses
803 972 943 1035 paululum,
959 967 1034 1032 atque'

227 1057 387 1108 Adolescenti
397 1073 463 1110 esses
473 1061 645 1123 morigeratus,
656 1062 786 1111 hominum
794 1062 870 1109 homo
879 1059 1034 1118 stultissime,

229 1148 268 1195 Ne
285 1161 336 1196 non
355 1147 401 1198 tibi
413 1149 476 1199 istuc
491 1150 632 1200 foenercret.
668 1153 710 1200 Sa.
728 1152 781 1212 Ego
800 1163 868 1214 spem
886 1147 965 1214 pretio
982 1162 1033 1197 non

293 1250 358 1286 cmo.

229 1328 271 1387 Sy.
289 1326 422 1387 Nunquam
441 1341 495 1374 rem
511 1327 603 1376 socies:
623 1327 672 1389 abi,
691 1327 769 1377 nescis
782 1327 892 1376 inescare
909 1323 1034 1386 homines,

295 1412 398 1464 Sannio.

230 1507 273 1551 So.
291 1502 371 1553 credo
388 1501 451 1552 isere
471 1503 559 1552 melius
576 1517 645 1552 esse:
663 1518 748 1552 verum
765 1517 811 1564 ego
828 1515 954 1564 uunquam
972 1503 1034 1551 adeo

296 1598 389 1640 astutus
399 1591 446 1652 ful,

231 1679 309 1738 Quin,
327 1677 442 1742 quicquid
461 1692 569 1742 possem,
587 1679 689 1728 mallem
707 1679 805 1728 auferre
821 1677 903 1741 potius
923 1677 950 1728 in
969 1692 1035 1741 prce.-

294 1769 381 1818 sentim

229 1860 272 1919 Sp.
288 1860 350 1919 Age,
362 1858 420 1907 novi
435 1866 506 1908 tuum
524 1857 646 1921 animum,
659 1858 727 1922 quasi
735 1860 787 1920 jam
803 1871 907 1920 usquam
927 1855 971 1907 tibi
984 1856 1034 1907 sint

294 1946 380 2007 viginti
390 1947 474 2006 minse,

228 2036 294 2082 Dum
312 2022 370 2082 hu‘m'
388 2035 530 2097 obsequere.
547 2038 671 2085 Praeterea
689 2044 770 2085 autem
788 2044 813 2086 te
830 2036 899 2086 aiunt
909 2036 1029 2101 proticisci

295 2122 411 2185 Cyprum.
444 2125 487 2172 Sa.
505 2124 582 2172 Hem!

231 2214 274 2271 Sy.
290 2209 417 2261 coemisse
427 2211 486 2261 hinc
496 2226 550 2274 quse
568 2212 630 2261 illuc
646 2213 747 2262 veheres
765 2214 860 2264 multa:
878 2226 964 2263 navem
975 2227 1036 2263 cou·

298 2299 413 2351 ductam:
431 2301 480 2349 hoc
488 2300 548 2349 scio.

229 2386 334 2437 Animus
344 2387 391 2437 tibi
401 2389 507 2451 pendet:
525 2388 569 2438 ubi
583 2388 665 2451 illinc,
677 2403 759 2453 spero,
773 2388 887 2451 redieris,
898 2398 979 2439 mmet
989 2392 1037 2439 hoc

295 2490 361 2538 eges.

230 2568 272 2614 Sa.
290 2567 417 2628 Nusquam
427 2565 531 2629 pedcmz
549 2566 611 2629 perii
621 2567 719 2616 hercle!
735 2568 782 2617 hec
801 2567 840 2617 illi
857 2582 899 2631 spe
911 2568 958 2617 hoc
968 2567 1036 2617 ince-

296 2662 392 2719 perunt.
425 2657 467 2716 Sy.
483 2654 583 2705 'limeis

231 2743 309 2805 lnjeci
320 2744 462 2807 scrupulum
473 2744 578 2792 homini.
610 2745 653 2793 So.
671 2745 694 2794 Ο
705 2745 814 2794 scelera!
832 2744 895 2794 illud
906 2744 961 2795 vide

232 2834 268 2882 Ut
280 2832 306 2880 in
316 2832 370 2895 ipso
378 2833 482 2883 articulo
493 2832 629 2896 oppressit!
662 2840 733 2881 emme
743 2832 859 2881 mulieres

233 2922 390 2983 Complures,
400 2930 426 2972 ct
438 2921 498 2971 item
508 2922 566 2971 hinc
574 2922 627 2971 elia
635 2930 772 2985 quseporto
784 2921 901 2985 Cyprum.

232 3008 289 3059 Nisi
300 3024 330 3059 eo
341 3010 373 3059 ud
383 3018 519 3061 neronum
529 3011 613 3072 venio,
625 3010 743 3061 damnum
756 3012 941 3061 mexumuus’st.

235 3100 307 3149 Nunc
319 3099 340 3150 si
351 3102 399 3151 hoc
409 3101 509 3165 omitto,
520 3110 602 3153 uotum
613 3116 684 3165 egem
697 3122 704 3152 ι
721 3100 763 3151 ubi
774 3100 842 3151 illinc
854 3100 963 3161 rediero,
