2459 3800
220 434 269 481 212
434 435 463 484 Ρ.
478 434 638 483 ἹῈΒΕΝΊἾΙ
656 435 813 484 ADELPHI.

220 570 306 630 Neque
316 567 393 628 iners,
404 569 449 618 alit
458 569 514 618 illas
525 589 533 631 3
551 571 619 619 solus
629 585 728 619 omnem
741 570 861 621 familiam

220 657 346 706 Sustentat
357 679 362 706 :
380 657 449 706 hunc·
457 659 561 719 abduce,
572 658 647 718 vinci,
654 663 740 721 'quaere
749 674 810 708 rem.
854 663 855 668 ’

222 747 266 794 Ge.
284 747 338 795 lmo
346 747 429 795 hercle
440 755 569 808 extorque,
582 747 631 796 nisi
641 747 676 796 ita
687 749 836 808 factumest,
847 749 958 798 Demea:

221 835 351 884 Postremo
363 850 414 884 non
424 837 522 897 negabit
532 858 538 886 ι
555 850 638 886 coram
648 836 728 899 ipsum
738 837 807 886 cedo.

222 925 270 972 De.
287 924 379 972 Pudet:
397 939 453 984 nec,
464 923 524 985 quid
534 939 614 985 agam,
626 939 704 986 neque
716 925 775 987 quid
785 925 844 974 huic
855 925 1015 989 respondeam

223 1012 288 1062 Scio.
321 1015 393 1060 Pom.
412 1013 527 1062 Miseram
540 1016 597 1063 me!
616 1013 717 1062 differor
729 1013 863 1063 doloribus.

223 1099 291 1146 luno
301 1096 403 1158 Lucina,
415 1098 550 1160 serapem:
569 1112 639 1147 serra
651 1114 690 1147 me
701 1099 810 1148 obsecro.
843 1101 891 1148 He.
909 1102 988 1148 Hem!

225 1187 350 1234 Numnam
367 1186 412 1235 iila
428 1201 510 1247 quaeso
527 1187 652 1250 parturit?
692 1190 734 1236 Ge.
753 1189 836 1248 Certe,
858 1188 945 1249 Hegio.
978 1190 1027 1236 He.

197 1321 200 1328 ,
291 1276 373 1322 Hem!

226 1363 293 1411 Illaec
303 1363 377 1412 fidem
389 1378 455 1412 nunc
465 1371 572 1413 rostram
584 1363 710 1428 implorat,
722 1367 831 1415 Demea:

227 1453 300 1508 Quod
312 1467 353 1501 vos
363 1453 399 1502 vis
411 1454 485 1516 cogit,
495 1454 521 1502 id
532 1456 658 1504 voluntate
670 1455 792 1517 impetret.

229 1543 288 1590 Haec
298 1540 405 1603 primum
418 1550 446 1591 ut
456 1521 526 1602 fiant,
538 1544 603 1590 Deos
615 1557 708 1603 quaeso,
720 1548 748 1590 ut
759 1541 826 1590 vobis
838 1541 915 1590 dccet.

228 1629 273 1678 Sin
284 1629 355 1678 aliter
365 1630 461 1678 animus
471 1639 551 1679 vester
562 1638 615 1692 est3
633 1644 688 1690 ego,
700 1631 803 1688 Demea,

229 1720 331 1768 Summa
340 1719 364 1767 ri
375 1720 505 1769 defendam
516 1721 591 1782 hanc,
601 1729 674 1783 atque
684 1721 756 1769 illum
769 1727 902 1768 mortuum.

230 1811 354 1871 Cognatas
365 1809 426 1857 mihi
437 1818 503 1858 erat:
521 1823 571 1858 rma
582 1824 597 1858 a
607 1809 690 1872 pueris
700 1809 805 1873 parvolis

224 1881 322 1947 ”Sumus
332 1895 443 1946 educati:
461 1911 511 1945 una
519 1912 615 1961 semper
626 1896 721 1946 militiae
731 1904 756 1946 et
767 1895 835 1945 domi

230 1986 347 2035 Fuimus:
365 1994 532 2049 paupertatem
544 2001 592 2036 una
602 1987 747 2049 pertulimus
759 2000 864 2047 gravem.

232 2076 386 2136 Quapropter
397 2074 472 2135 nitar,
487 2074 586 2135 faciam,
597 2074 721 2137 experiar,
732 2074 838 2135 denique

231 2163 348 2211 Animam
356 2161 495 2223 relinquam
506 2163 597 2225 potius,
608 2176 681 2224 quam
692 2162 748 2211 illas
757 2162 876 2211 deseram.

233 2250 299 2305 Quid
310 2250 371 2298 mihi
382 2250 533 2313 respondes?
568 2254 616 2299 De.
634 2252 744 2300 Fratrem
756 2248 910 2309 conveniam,
923 2247 1016 2309 Hegio:

233 2339 258 2386 is
270 2338 335 2399 quod
346 2337 407 2386 mihi
419 2338 450 2387 de
460 2338 506 2387 hac
517 2352 544 2386 re
555 2338 649 2387 dederit
660 2337 803 2397 consilium,
820 2336 845 2385 id
858 2351 952 2399 sequar.

233 2429 282 2476 He.
299 2428 358 2487 Sed,
371 2430 472 2487 Demea,
483 2428 531 2477 hoc
541 2435 569 2476 tu
580 2427 653 2476 facito
665 2442 720 2476 cum
733 2427 815 2477 animo
827 2426 929 2488 cogites,

234 2519 314 2572 Quam
326 2529 369 2564 vor
381 2516 505 2564 facillume
516 2516 597 2576 agitis,
610 2529 683 2577 quam
692 2515 750 2565 estis
762 2529 877 2563 maxume

235 2608 362 2665 Potentes,
372 2603 445 2663 dites,
457 2603 586 2662 fortunati,
598 2602 711 2652 nobiles:

234 2696 298 2743 'l'am
309 2707 424 2743 maxume
434 2708 477 2742 vos
486 2707 556 2754 aquo
568 2692 652 2741 animo
661 2706 730 2753 aequa
741 2706 843 2741 noscere

237 2784 351 2845 Oportet,
363 2782 384 2831 si
393 2796 436 2831 ros
448 2782 520 2832 voltis
530 2781 652 2845 perhiberi
662 2782 760 2843 probos.

236 2874 285 2919 De.
301 2869 389 2919 Redito
401 2890 407 2919 ε
425 2871 496 2930 fient,
508 2884 561 2931 quar
571 2870 624 2918 fieri
634 2871 773 2931 aequom’st,
784 2869 876 2918 omnia.

237 2961 285 3007 He.
302 2960 379 3008 Decet
389 2966 414 3008 te
425 2958 513 3007 facere.
547 2960 620 3018 Geta,
630 2957 676 3007 duc
688 2972 727 3006 me
736 2958 801 3007 intro
814 2958 843 3007 ad
855 2958 998 3007 Sostratam.

239 3050 286 3097 De.
304 3050 361 3097 Non
371 3062 409 3097 me
421 3046 543 3097 indicente
553 3047 605 3097 haec
618 3048 694 3097 fiunt:
713 3046 807 3096 ruinam
819 3046 865 3096 hoc
876 3046 907 3095 sit
918 3046 991 3095 modo
