2459 3800
368 433 485 484 ‚tc-rus
504 435 548 482 111.
582 435 692 485 scnun
710 435 742 486 ιι.
818 415 821 422 ’
936 441 967 489 31

166 568 234 616 Deos
245 582 339 631 quaeso,
347 579 375 620 ut
386 571 418 622 sit
428 573 562 637 superstet,
573 577 772 639 quandoquidem
778 577 862 641 ineest
871 579 969 640 ingenio

168 719 171 726 Δ
232 659 314 721 b0n03

168 747 282 809 Cumque
293 747 350 798 huic
361 749 453 800 veritus
468 760 507 801 est
517 760 625 836 outumae
636 755 787 806 adolescenti
798 759 879 808 facere
889 757 970 820 injur·

234 834 292 884 iam.

165 925 201 970 Si.
222 925 268 971 Vel
287 925 336 973 hoc
355 927 410 988 quis
429 942 480 977 non
498 931 591 991 credat,
609 932 653 993 qui
668 934 737 982 norit
754 943 789 995 te,
812 936 855 984 abu
872 943 897 984 te
917 951 970 985 esse

231 1016 335 1064 ,oi-tum?
371 1017 437 1064 Dav.
455 1019 578 1072 Quidnam
593 1021 684 1070 idest?

167 1103 203 1149 Si.
221 1103 279 1150 Non
299 1103 435 1168 imperabat
453 1122 547 1170 coram,
570 1111 628 1172 quid
644 1124 705 1174 opus
731 1113 797 1161 laeto
814 1122 879 1162 eruet
898 1127 971 1177 puer·

236 1208 318 1256 perae:

169 1283 218 1332 Sed
232 1293 360 1347 postquam
378 1290 516 1350 egressa’st,
537 1290 591 1339 illia'
605 1305 659 1352 quar
677 1300 735 1341 eunt
752 1293 927 1353 intus,clamat
942 1292 972 1342 de

233 1387 282 1424 rra.

172 1462 194 1511 Ο
208 1464 284 1524 Dave,
294 1464 354 1513 itan'
365 1473 511 1530 contemnor
523 1471 566 1518 aba
575 1477 599 1518 te
607 1472 617 1517 ἓ
625 1533 628 1538 1
637 1477 679 1518 aut
689 1470 755 1518 itane
765 1469 863 1518 tandem
873 1468 975 1517 idoneus

170 1552 228 1601 Tibi
240 1553 321 1603 videor
331 1569 395 1617 esse,
407 1571 479 1620 quem
490 1566 540 1607 tam
552 1566 636 1622 aperte
647 1559 733 1607 fallere
743 1557 845 1620 incipian
856 1557 938 1606 dolie?

172 1641 265 1690 Saltem
276 1652 400 1694 accurate:
419 1654 447 1695 ut
457 1649 533 1696 metui
542 1647 625 1696 videar
635 1656 713 1708 uerte,
728 1648 749 1696 ni
761 1647 910 1696 resciverim.

172 1731 238 1780 Dav.
257 1735 328 1782 Certe
352 1736 434 1786 hercle
456 1751 521 1786 nunc
544 1737 584 1785 hic
604 1752 631 1786 se
653 1738 719 1800 ipsun
737 1737 814 1798 fallit·
841 1737 902 1784 haut
920 1749 976 1798 ego.

114 1817 117 1824 ⁴
237 1825 272 1873 Si.
288 1826 388 1874 Edixin'
400 1826 466 1875 tibi?

173 1914 349 1966 Interminatus
360 1931 425 1976 sum,
435 1931 466 1965 ne
478 1917 586 1966 faceres:
605 1931 665 1965 num
674 1918 783 1966 veritus?
803 1915 861 1979 quid
870 1916 973 1966 retulit?

175 2000 282 2049 Credon’
294 2002 339 2049 tibi
348 2003 408 2062 hoe,
421 2016 487 2051 nunc
503 2003 626 2066 peperisse
636 1991 724 2051 nanee
737 2002 885 2065 Pamphilo?
922 2002 926 2007 '

173 2090 240 2138 Dav.
257 2092 352 2151 Teneo,
375 2091 432 2153 quid
454 2098 535 2140 erret:
553 2099 579 2140 et
590 2091 649 2153 quid
660 2091 729 2153 agath
740 2091 827 2139 habeo.
858 2092 893 2139 Si.
911 2090 977 2143 Quid

241 2182 326 2227 taces?

176 2268 241 2316 Dav.
265 2268 331 2323 Quid
342 2268 445 2319 credas?
475 2269 544 2331 quasi
556 2282 605 2317 non
622 2268 668 2317 tibi
686 2266 828 2317 renunciata
845 2266 897 2315 sint
914 2266 977 2327 nnc,

242 2357 352 2407 sictone.
650 2357 653 2360 ’

175 2447 209 2495 Si.
227 2446 324 2495 Mihine
346 2445 492 2509 quisquam?
540 2449 605 2495 Dav.
623 2447 698 2495 Eho!
725 2458 757 2498 an
781 2453 834 2494 tute
855 2444 980 2496 intellexti

241 2535 289 2583 hoc
302 2534 461 2583 assimulari?
498 2537 532 2582 Si.
550 2534 666 2582 irrideor.

176 2625 243 2672 Delu.
272 2623 501 2672 Renunciatum'st·
529 2637 587 2672 nam
607 2623 649 2685 qui
665 2622 733 2673 ieme
752 2620 798 2670 tibi
820 2619 906 2669 incidit
927 2636 982 2674 sue·

192 2712 194 2717 '
244 2712 330 2776 pinio?

179 2804 214 2850 Si.
233 2801 303 2855 Qui?
322 2796 415 2864 quiete
434 2816 530 2851 noram.
563 2804 630 2851 Dav.
647 2802 723 2857 Quasi
743 2810 769 2851 tu
791 2801 868 2863 dicae,
891 2801 983 2851 factum

245 2888 271 2938 id
281 2890 386 2939 consilio
396 2904 460 2939 meo.

177 2981 214 3028 Si.
233 2980 305 3027 Certe
317 2979 383 3029 enim
391 2980 451 3029 ecio.
483 2983 550 3031 Dan.
567 2984 626 3031 Non
644 2981 702 3031 satis
719 2996 758 3030 me
774 2980 882 3045 pennotti
899 2981 984 3047 etiam,

235 3058 322 3130 ‘qualis
334 3068 391 3131 sim,
404 3068 481 3117 Simo.
