2459 3800
390 457 502 509 ACTUS
521 460 553 508 11.
587 460 698 508 SCENA
715 459 757 508 lv.
936 462 980 508 145

179 595 233 643 Clit.
252 595 320 657 Scio,
340 596 405 660 apud
424 604 535 660 patrem:
553 604 585 646 at·
597 612 663 648 nunc
685 599 793 648 interim.
831 600 874 660 Sp.
892 598 978 646 Nihilo

241 701 326 750 ΜΒΝ·
919 739 922 746 .

177 777 234 824 Gllt.
251 775 318 825 Sine.
352 779 395 839 Sp.
412 780 471 828 Non
488 778 579 840 sinam,
596 777 705 840 inquam.
742 780 797 827 Glil.
815 780 905 833 Quaesc
916 792 978 841 pau-

242 867 324 930 lisper.
356 869 398 930 Sy.
416 871 486 919 Veto.
944 917 946 922 ,

176 957 232 1005 (llil.
249 957 342 1005 Saltem
353 957 469 1022 salutare.
503 960 546 1020 Sy.
560 959 652 1019 Abcas,
663 958 685 1007 si
697 957 769 1022 sapi.
805 959 861 1008 Glil.
878 958 923 1006 Eo.

177 1045 244 1101 Quid
264 1045 340 1095 istic?
376 1049 419 1108 sy.
437 1046 555 1097 Manebit.
602 1049 657 1097 Olli.
674 1048 697 1098 0
717 1047 844 1098 hominem
863 1047 977 1102 felicem!

243 1137 286 1196 Sy.
303 1135 418 1186 Ambuls.

397 1376 508 1426 ACTUS
528 1375 560 1424 ll.
599 1376 710 1424 SCENA
727 1377 770 1426 lv.

294 1491 422 1538 Bnccffls.
454 1490 612 1538 Ausucum.
646 1491 750 1539 Cusum.
783 1489 878 1538 Sinus.

181 1592 299 1642 AEusuou
307 1597 343 1650 te,
354 1605 409 1640 mea
417 1589 558 1653 Antiphila,
568 1589 643 1638 laudo
654 1597 679 1638 et
690 1590 841 1638 fortunatam
849 1587 950 1649 jndice:

183 1681 211 1728 ld
222 1694 298 1742 quum
315 1678 440 1739 studuisti,
451 1679 492 1728 isti
503 1679 590 1727 sormae
602 1685 630 1726 ut
642 1693 725 1727 mores
737 1678 878 1728 consimiles
889 1679 985 1728 iouente

182 1767 345 1829 Minimeque,
365 1767 400 1816 its
416 1781 456 1815 me
467 1766 498 1814 Di
508 1776 602 1827 ament,
614 1765 692 1820 miror
703 1766 724 1815 si
736 1775 760 1815 te
772 1766 818 1816 sibi
829 1766 931 1828 quisque
941 1780 986 1814 cx·

249 1855 317 1919 petit.

184 1948 251 1996 Nem
261 1946 334 2006 mihi,
345 1947 417 2008 quale
428 1945 555 2007 ingenium
565 1946 679 2005 haberes,
691 1945 737 1994 fuit
748 1945 839 1994 iudicio
851 1945 938 1994 oratio.

184 2038 218 2085 Et
227 2050 303 2098 quum
315 2043 412 2096 egomet
423 2049 489 2083 uuuc
500 2048 596 2083 mecum
607 2034 634 2081 in
645 2034 729 2083 auimo
739 2034 816 2083 vitam
826 2041 894 2083 tuam
906 2034 986 2083 cousi·

253 2125 324 2184 dero,

187 2213 354 2276 Omniumque
365 2213 427 2261 adeo
438 2219 588 2272 vostrarum,
600 2212 685 2273 volgus
697 2227 750 2273 quae
761 2213 791 2261 ab
802 2227 828 2261 se
845 2221 972 2274 segregant
983 2234 989 2263 :

159 2348 169 2373 s
186 2305 220 2352 Et
236 2316 280 2351 vos
299 2316 353 2351 esse
371 2300 520 2361 istiusmodi,
538 2307 563 2349 et
581 2314 627 2349 uos
646 2315 698 2349 uon
715 2315 779 2362 esse,
801 2302 861 2351 haut
879 2301 991 2351 mirabile

254 2400 298 2442 est
718 2388 721 2393 '

187 2484 253 2532 Nam
264 2480 362 2543 expedit
371 2480 449 2528 bonas
459 2491 512 2527 esse
523 2478 605 2527 vobis:
618 2492 674 2539 nos,
682 2478 826 2540 quibuscum
834 2486 872 2527 est
883 2493 933 2540 res,
943 2494 993 2528 nou

255 2569 357 2619 sinunt:
447 2562 456 2569 '

191 2658 286 2722 Quippe
297 2660 378 2707 forma
388 2655 488 2718 impulsi
499 2662 584 2703 nostra
595 2669 641 2703 uos
653 2663 775 2705 amatores
786 2657 871 2705 colunt
883 2676 889 2704 :

192 2752 251 2799 Haec
263 2747 305 2797 ubi
315 2747 446 2795 imminute
455 2753 503 2805 est,
515 2744 553 2792 illi
564 2759 637 2793 suum
649 2744 814 2793 animumslio
823 2745 961 2809 cqnferunt.

192 2837 248 2887 Nisi
256 2837 277 2885 si
287 2843 443 2900 prospectum
456 2833 551 2882 interea
561 2832 655 2895 aliquid
667 2839 714 2893 est,
726 2833 828 2891 descrtae
839 2833 942 2883 vivimus
954 2854 959 2883 :

192 2928 269 2978 Vobis
280 2941 337 2975 cum
347 2940 397 2974 uuo
407 2925 485 2973 semel
496 2924 539 2972 nbi
549 2931 647 2973 aetutem
658 2937 728 2983 agere
740 2923 899 2973 decretnm'st
909 2924 973 2985 viro,

196 3018 272 3076 Cujus
284 3029 338 3063 mos
349 3014 497 3062 maxume'st
506 3011 642 3061 consimilis
653 3018 773 3072 vostrum,
784 3010 811 3059 hi
822 3026 848 3060 se
860 3012 891 3065 ad
901 3000 945 3062 vo's
953 3027 996 3076 sp·

257 3104 363 3168 plicantt

611 3204 627 3239 ι
