2459 3800
245 467 294 516 222
458 467 487 515 Ρ.
501 467 662 517 TERENTll
679 467 834 519 enutriri.

246 609 312 658 Nam
321 606 415 658 habitat
424 606 515 658 Mileti.
547 611 592 658 ΛΕ.
609 611 690 658 llem!
710 610 827 671 virginem
846 615 874 658 ut
895 622 978 660 tecum
989 623 1046 660 are·

307 696 371 744 hut?

244 785 292 832 Ml.
309 783 350 834 Sic
360 792 406 833 ert.
438 787 483 833 ΑΖ.
500 785 614 834 Miletum
625 799 703 848 mque
714 786 834 834 obsecro?
870 785 917 835 Mi.
928 787 974 834 lta.
1002 788 1047 834 AE.

309 873 402 922 Animo
412 874 517 922 mule'rt.

245 957 311 1014 Quid
331 960 408 1024 ipeae?
426 960 485 1022 quid
502 960 592 1010 alunt?
634 963 681 1010 Mi.
698 959 764 1016 Quid
782 961 840 1012 irtus
858 964 963 1012 censen?
983 961 1045 1010 nihil

307 1048 384 1097 enim.

246 1135 393 1186 commenta
403 1144 481 1186 muter
490 1145 536 1193 est,
546 1151 600 1187 eme
607 1152 640 1186 ex
651 1137 700 1186 alio
711 1136 776 1198 viro,

245 1223 335 1272 Nescio
346 1239 406 1286 quo,
416 1240 520 1288 puerum
530 1234 614 1275 namin
626 1247 635 1289 ;
653 1240 731 1288 neque
742 1240 798 1274 eum
811 1224 937 1275 nominat:

245 1312 356 1362 Priorem
367 1328 421 1364 eme
431 1315 513 1374 illum,
524 1328 575 1363 ncn
584 1322 698 1376 oportere
706 1314 764 1364 huic
775 1314 836 1364 duri.

244 1402 288 1448 AE.
305 1402 371 1463 Eho,
383 1417 466 1451 nonne
475 1403 528 1450 haec
535 1404 604 1462 justu
613 1402 659 1450 tibi
670 1403 784 1450 videntur
795 1404 897 1464 portet?

243 1488 290 1536 Mt.
307 1489 374 1537 Non.
414 1489 596 1550 mortecto,
620 1491 687 1538 nun?
713 1504 745 1539 an
763 1489 832 1539 illurn
849 1489 908 1538 hinc
930 1487 1044 1548 abducet,

305 1578 393 1636 puter?

242 1664 289 1710 Mi.
307 1663 373 1718 Quid
382 1664 453 1712 illum
463 1663 490 1712 ni
501 1663 625 1714 abducet?
660 1666 704 1714 AE.
721 1665 820 1714 Factum
834 1677 849 1712 a
861 1662 928 1712 vobis
939 1662 1043 1725 duriter,

242 1750 535 1813 immisericorditerqu03
553 1760 625 1813 atque
635 1751 721 1812 etiem,
733 1751 811 1812 sieut,
823 1758 902 1816 pater,

241 1839 379 1888 Dicendum
389 1841 466 1903 megin
477 1849 570 1905 aperte,
581 1841 743 1890 illiberaliter.

242 1930 288 1976 Mt.
307 1930 491 1983 Quamobrem?
526 1932 570 1978 AE.
587 1930 669 1991 Rogas
682 1931 740 1978 me?
760 1927 819 1991 quid
830 1927 867 1977 illi
877 1926 976 1977 tandem
987 1940 1042 1977 cre·

304 2016 362 2067 ditis
376 2040 383 2051 ·

240 2106 303 2155 Fore
315 2104 391 2154 animi
401 2106 503 2166 misero,
514 2106 557 2168 qui
568 2121 625 2155 cum
633 2106 677 2155 illu
686 2106 813 2157 cousuevit
823 2107 889 2170 prius
900 2108 910 2155 i

242 2194 291 2249 Qui
299 2194 387 2243 infelix
397 2194 520 2244 mutreio
530 2208 561 2243 an
573 2196 643 2245 illum
654 2196 742 2245 misere
753 2210 818 2245 nunc
830 2202 906 2256 amet,

215 2322 219 2328 .
241 2286 324 2338 Quum
333 2283 396 2331 huuc
406 2281 453 2330 tibi
464 2281 554 2331 videbit
565 2296 672 2344 presens
682 2281 797 2345 praesenti
806 2282 879 2346 eripi,

241 2371 338 2419 Abduci
348 2371 379 2418 ab
389 2370 487 2419 oculs?
506 2370 601 2419 facinus
613 2370 752 2433 iudignum,
762 2377 838 2432 puter.

240 2461 288 2507 Mt.
304 2460 360 2513 Qua
370 2459 465 2508 ratione
477 2459 558 2508 ictuc?
576 2458 631 2520 quis
639 2458 790 2521 despondit?
810 2457 864 2521 quis
875 2457 962 2509 dedit?

240 2548 298 2608 Cui,
309 2547 406 2609 quundu
417 2547 518 2609 nupsit?
543 2554 629 2595 auctor
637 2546 676 2595 his
685 2548 758 2596 rebus
770 2546 824 2609 quie
835 2549 892 2595 est?

241 2637 292 2685 Cur
303 2635 375 2684 duxit
384 2635 489 2684 alienam
504 2637 514 2682 ?
549 2636 593 2683 AE.
609 2637 649 2683 Au
661 2635 745 2684 sedere
755 2634 864 2699 oportuit

239 2724 314 2773 Domi
324 2723 443 2785 virginem
454 2730 505 2772 turn
514 2722 642 2793 grandem,
653 2724 712 2772 dum
723 2731 839 2785 cognatur
849 2724 898 2772 huc

239 2811 312 2860 Illinc
322 2813 425 2873 reniret,
436 2814 634 2875 exspectantem?
652 2813 714 2874 haec,
726 2813 759 2861 mi
768 2821 847 2877 puter,

241 2900 279 2948 'l'e
289 2898 370 2949 dicere
380 2915 475 2962 equom
487 2898 544 2959 luit,
556 2911 582 2952 et
591 2902 618 2950 id
627 2902 765 2952 defendere.

241 2989 288 3035 Mi.
304 2987 443 3039 Ridiculum
455 3011 461 3041 z
479 2992 641 3040 advorsumue
650 2991 721 3040 illum
732 3004 829 3040 causam
841 2988 958 3051 dicerem,

245 3074 292 3124 Cui
303 3090 416 3128 venerum
427 3079 575 3131 advocetur?
592 3079 636 3129 sed
648 3078 706 3142 quid
717 3078 773 3142 ieta,
785 3077 913 3140 AEuchine,
