<?xml version="1.0" encoding="UTF-8"?>
<!DOCTYPE html PUBLIC "-//W3C//DTD XHTML 1.0 Transitional//EN"
    "http://www.w3.org/TR/xhtml1/DTD/xhtml1-transitional.dtd">
<html xmlns="http://www.w3.org/1999/xhtml" xml:lang="en" lang="en">
 <head>
  <title>
</title>
<meta http-equiv="Content-Type" content="text/html;charset=utf-8" />
  <meta name='ocr-system' content='tesseract 3.04.00' />
  <meta name='ocr-capabilities' content='ocr_page ocr_carea ocr_par ocr_line ocrx_word'/>
</head>
<body>
  <div class='ocr_page' id='page_1' title='image "./comoediaesexadf00zeungoog_0201.png"; bbox 0 0 2459 3800; ppageno 0'>
   <div class='ocr_carea' id='block_1_1' title="bbox 235 459 834 524">
    <p class='ocr_par' dir='ltr' id='par_1_1' title="bbox 235 459 834 524">
     <span class='ocr_line' id='line_1_1' title="bbox 235 459 834 524; baseline -0.007 -2"><span class='ocrx_word' id='word_1_1' title='bbox 235 462 287 524; x_wconf 81' lang='lat' dir='ltr'><strong>&#39;let</strong></span> <span class='ocrx_word' id='word_1_2' title='bbox 454 467 483 520; x_wconf 72' lang='grc' dir='ltr'><strong>Ρ.</strong></span> <span class='ocrx_word' id='word_1_3' title='bbox 499 459 661 520; x_wconf 68' lang='lat' dir='ltr'><strong>munuum</strong></span> <span class='ocrx_word' id='word_1_4' title='bbox 678 465 834 519; x_wconf 70' lang='lat' dir='ltr'><strong>Ansium.</strong></span> 
     </span>
    </p>
   </div>
   <div class='ocr_carea' id='block_1_2' title="bbox 234 607 1039 1382">
    <p class='ocr_par' dir='ltr' id='par_1_2' title="bbox 235 607 910 672">
     <span class='ocr_line' id='line_1_2' title="bbox 235 607 910 672; baseline -0.006 -11"><span class='ocrx_word' id='word_1_5' title='bbox 235 611 262 662; x_wconf 87' lang='lat' dir='ltr'><strong>Si</strong></span> <span class='ocrx_word' id='word_1_6' title='bbox 272 609 448 661; x_wconf 80' lang='lat' dir='ltr'><strong>eonferendum</strong></span> <span class='ocrx_word' id='word_1_7' title='bbox 458 609 601 672; x_wconf 87' lang='lat' dir='ltr'><strong>exemplum</strong></span> <span class='ocrx_word' id='word_1_8' title='bbox 611 615 659 670; x_wconf 86' lang='lat' dir='ltr'><strong>est,</strong></span> <span class='ocrx_word' id='word_1_9' title='bbox 671 623 720 658; x_wconf 88' lang='lat' dir='ltr'><strong>non</strong></span> <span class='ocrx_word' id='word_1_10' title='bbox 732 609 832 659; x_wconf 80' lang='lat' dir='ltr'><strong>fratrem</strong></span> <span class='ocrx_word' id='word_1_11' title='bbox 843 607 910 657; x_wconf 86' lang='lat' dir='ltr'><strong>videt</strong></span> 
     </span>
    </p>

    <p class='ocr_par' dir='ltr' id='par_1_3' title="bbox 235 697 889 762">
     <span class='ocr_line' id='line_1_3' title="bbox 235 697 889 762; baseline -0.005 -13"><span class='ocrx_word' id='word_1_12' title='bbox 235 700 281 749; x_wconf 81' lang='lat' dir='ltr'><strong>Rei</strong></span> <span class='ocrx_word' id='word_1_13' title='bbox 291 700 350 749; x_wconf 84' lang='lat' dir='ltr'><strong>dure</strong></span> <span class='ocrx_word' id='word_1_14' title='bbox 361 713 471 762; x_wconf 81' lang='lat' dir='ltr'>operam,</span> <span class='ocrx_word' id='word_1_15' title='bbox 483 699 535 747; x_wconf 84' lang='lat' dir='ltr'><strong>ruri</strong></span> <span class='ocrx_word' id='word_1_16' title='bbox 544 713 598 748; x_wconf 88' lang='lat' dir='ltr'><strong>esse</strong></span> <span class='ocrx_word' id='word_1_17' title='bbox 608 713 708 761; x_wconf 84' lang='lat' dir='ltr'><strong>parcum</strong></span> <span class='ocrx_word' id='word_1_18' title='bbox 720 713 748 748; x_wconf 82' lang='lat' dir='ltr'><strong>ac</strong></span> <span class='ocrx_word' id='word_1_19' title='bbox 759 697 868 748; x_wconf 86' lang='lat' dir='ltr'><strong>sobrium</strong></span> <span class='ocrx_word' id='word_1_20' title='bbox 879 701 889 746; x_wconf 91' lang='lat'>?</span> 
     </span>
    </p>

    <p class='ocr_par' dir='ltr' id='par_1_4' title="bbox 234 785 945 851">
     <span class='ocr_line' id='line_1_4' title="bbox 234 785 945 851; baseline -0.003 -13"><span class='ocrx_word' id='word_1_21' title='bbox 234 791 339 839; x_wconf 88' lang='lat' dir='ltr'><strong>Nullum</strong></span> <span class='ocrx_word' id='word_1_22' title='bbox 347 790 420 849; x_wconf 82' lang='lat' dir='ltr'><strong>huJ&#39;us</strong></span> <span class='ocrx_word' id='word_1_23' title='bbox 431 788 512 838; x_wconf 91' lang='lat' dir='ltr'><strong>simile</strong></span> <span class='ocrx_word' id='word_1_24' title='bbox 523 788 623 837; x_wconf 80' lang='lat' dir='ltr'><strong>factum.</strong></span> <span class='ocrx_word' id='word_1_25' title='bbox 642 789 700 837; x_wconf 76' lang='lat' dir='ltr'><strong>Haec</strong></span> <span class='ocrx_word' id='word_1_26' title='bbox 712 801 788 851; x_wconf 87' lang='lat' dir='ltr'><strong>quum</strong></span> <span class='ocrx_word' id='word_1_27' title='bbox 799 787 847 850; x_wconf 91' lang='lat' dir='ltr'><strong>illi,</strong></span> <span class='ocrx_word' id='word_1_28' title='bbox 859 785 945 848; x_wconf 85' lang='lat' dir='ltr'><strong>Micio,</strong></span> 
     </span>
    </p>

    <p class='ocr_par' dir='ltr' id='par_1_5' title="bbox 236 875 789 939">
     <span class='ocr_line' id='line_1_5' title="bbox 236 875 789 939; baseline -0.005 -12"><span class='ocrx_word' id='word_1_29' title='bbox 236 878 309 939; x_wconf 84' lang='lat' dir='ltr'>Dico,</span> <span class='ocrx_word' id='word_1_30' title='bbox 321 877 366 926; x_wconf 86' lang='lat' dir='ltr'><strong>tibi</strong></span> <span class='ocrx_word' id='word_1_31' title='bbox 376 877 445 928; x_wconf 83' lang='lat' dir='ltr'><strong>dieo:</strong></span> <span class='ocrx_word' id='word_1_32' title='bbox 464 884 492 925; x_wconf 89' lang='lat' dir='ltr'><strong>tu</strong></span> <span class='ocrx_word' id='word_1_33' title='bbox 503 876 574 925; x_wconf 90' lang='lat' dir='ltr'><strong>illum</strong></span> <span class='ocrx_word' id='word_1_34' title='bbox 585 877 710 939; x_wconf 85' lang='lat' dir='ltr'><strong>corrumpi</strong></span> <span class='ocrx_word' id='word_1_35' title='bbox 721 875 789 926; x_wconf 75' lang='lat' dir='ltr'><strong>sinis</strong></span> 
     </span>
    </p>

    <p class='ocr_par' dir='ltr' id='par_1_6' title="bbox 235 965 941 1028">
     <span class='ocr_line' id='line_1_6' title="bbox 235 965 941 1028; baseline 0 -14"><span class='ocrx_word' id='word_1_36' title='bbox 235 968 282 1015; x_wconf 85' lang='lat' dir='ltr'><strong>Mi.</strong></span> <span class='ocrx_word' id='word_1_37' title='bbox 296 966 403 1016; x_wconf 85' lang='lat' dir='ltr'><strong>Homine</strong></span> <span class='ocrx_word' id='word_1_38' title='bbox 413 965 528 1028; x_wconf 85' lang='lat' dir='ltr'><strong>imperito</strong></span> <span class='ocrx_word' id='word_1_39' title='bbox 539 979 664 1026; x_wconf 88' lang='lat' dir='ltr'><strong>nunquam</strong></span> <span class='ocrx_word' id='word_1_40' title='bbox 677 966 805 1027; x_wconf 83' lang='lat' dir='ltr'><strong>quicquam</strong></span> <span class='ocrx_word' id='word_1_41' title='bbox 815 965 941 1028; x_wconf 87' lang='lat' dir='ltr'><strong>injustius,</strong></span> 
     </span>
    </p>

    <p class='ocr_par' dir='ltr' id='par_1_7' title="bbox 237 1055 813 1118">
     <span class='ocr_line' id='line_1_7' title="bbox 237 1055 813 1118; baseline 0 -14"><span class='ocrx_word' id='word_1_42' title='bbox 237 1055 297 1117; x_wconf 83' lang='lat' dir='ltr'><strong>Qui,</strong></span> <span class='ocrx_word' id='word_1_43' title='bbox 308 1055 356 1104; x_wconf 86' lang='lat' dir='ltr'><strong>nisi</strong></span> <span class='ocrx_word' id='word_1_44' title='bbox 366 1056 433 1117; x_wconf 91' lang='lat' dir='ltr'><strong>quod</strong></span> <span class='ocrx_word' id='word_1_45' title='bbox 441 1055 493 1117; x_wconf 88' lang='lat' dir='ltr'><strong>ipse</strong></span> <span class='ocrx_word' id='word_1_46' title='bbox 505 1055 573 1114; x_wconf 84' lang='lat' dir='ltr'><strong>fecit,</strong></span> <span class='ocrx_word' id='word_1_47' title='bbox 583 1055 620 1103; x_wconf 85' lang='lat' dir='ltr'><strong>nii</strong></span> <span class='ocrx_word' id='word_1_48' title='bbox 631 1063 725 1104; x_wconf 84' lang='lat' dir='ltr'><strong>rectum</strong></span> <span class='ocrx_word' id='word_1_49' title='bbox 736 1063 813 1118; x_wconf 81' lang='lat' dir='ltr'><strong>putat.</strong></span> 
     </span>
    </p>

    <p class='ocr_par' dir='ltr' id='par_1_8' title="bbox 235 1142 1039 1294">
     <span class='ocr_line' id='line_1_8' title="bbox 235 1142 1039 1206; baseline 0.001 -14"><span class='ocrx_word' id='word_1_50' title='bbox 235 1146 284 1194; x_wconf 90' lang='lat' dir='ltr'><strong>De.</strong></span> <span class='ocrx_word' id='word_1_51' title='bbox 301 1145 425 1199; x_wconf 78' lang='lat' dir='ltr'><strong>Quorsum</strong></span> <span class='ocrx_word' id='word_1_52' title='bbox 434 1142 516 1192; x_wconf 85' lang='lat' dir='ltr'><strong>istuc?</strong></span> <span class='ocrx_word' id='word_1_53' title='bbox 552 1145 599 1192; x_wconf 84' lang='lat' dir='ltr'><strong>Mi.</strong></span> <span class='ocrx_word' id='word_1_54' title='bbox 616 1143 682 1198; x_wconf 84' lang='lat' dir='ltr'>Quia</span> <span class='ocrx_word' id='word_1_55' title='bbox 692 1151 730 1205; x_wconf 87' lang='lat' dir='ltr'><strong>tu,</strong></span> <span class='ocrx_word' id='word_1_56' title='bbox 742 1145 843 1205; x_wconf 81' lang='lat' dir='ltr'>Demea,</span> <span class='ocrx_word' id='word_1_57' title='bbox 858 1144 910 1194; x_wconf 85' lang='lat' dir='ltr'><strong>haec</strong></span> <span class='ocrx_word' id='word_1_58' title='bbox 923 1144 987 1197; x_wconf 78' lang='lat' dir='ltr'><strong>male</strong></span> <span class='ocrx_word' id='word_1_59' title='bbox 996 1145 1039 1206; x_wconf 90' lang='lat' dir='ltr'><strong>ju-</strong></span> 
     </span>
     <span class='ocr_line' id='line_1_9' title="bbox 300 1230 440 1294; baseline 0 -14"><span class='ocrx_word' id='word_1_60' title='bbox 300 1230 375 1280; x_wconf 81' lang='lat' dir='ltr'><strong>dicas.</strong></span> <span class='ocrx_word' id='word_1_61' title='bbox 438 1291 440 1294; x_wconf 21' lang='lat'><strong>⁴</strong></span> 
     </span>
    </p>

    <p class='ocr_par' dir='ltr' id='par_1_9' title="bbox 235 1321 869 1382">
     <span class='ocr_line' id='line_1_10' title="bbox 235 1321 869 1382; baseline 0 -12"><span class='ocrx_word' id='word_1_62' title='bbox 235 1324 293 1371; x_wconf 83' lang='lat' dir='ltr'><strong>Non</strong></span> <span class='ocrx_word' id='word_1_63' title='bbox 303 1330 342 1371; x_wconf 84' lang='lat' dir='ltr'><strong>est</strong></span> <span class='ocrx_word' id='word_1_64' title='bbox 351 1321 481 1382; x_wconf 79' lang='lat' dir='ltr'><strong>flagitium,</strong></span> <span class='ocrx_word' id='word_1_65' title='bbox 493 1321 554 1369; x_wconf 89' lang='lat' dir='ltr'><strong>mihi</strong></span> <span class='ocrx_word' id='word_1_66' title='bbox 565 1322 648 1382; x_wconf 82' lang='lat' dir='ltr'><strong>crede,</strong></span> <span class='ocrx_word' id='word_1_67' title='bbox 658 1321 869 1370; x_wconf 79' lang='lat' dir='ltr'><strong>adolescentulum</strong></span> 
     </span>
    </p>
   </div>
   <div class='ocr_carea' id='block_1_3' title="bbox 118 1411 865 1488">
    <p class='ocr_par' dir='ltr' id='par_1_10' title="bbox 118 1411 865 1488">
     <span class='ocr_line' id='line_1_11' title="bbox 118 1411 865 1488; baseline 0 -27"><span class='ocrx_word' id='word_1_68' title='bbox 118 1480 122 1488; x_wconf 19' lang='lat' dir='ltr'><em>q</em></span> <span class='ocrx_word' id='word_1_69' title='bbox 148 1473 153 1480; x_wconf 29' lang='grc'><strong>,</strong></span> <span class='ocrx_word' id='word_1_70' title='bbox 235 1411 354 1471; x_wconf 68' lang='lat' dir='ltr'><strong>smmi,</strong></span> <span class='ocrx_word' id='word_1_71' title='bbox 366 1425 445 1472; x_wconf 84' lang='lat' dir='ltr'><strong>neque</strong></span> <span class='ocrx_word' id='word_1_72' title='bbox 457 1419 557 1473; x_wconf 84' lang='lat' dir='ltr'><strong>potare:</strong></span> <span class='ocrx_word' id='word_1_73' title='bbox 576 1419 689 1461; x_wconf 83' lang='lat' dir='ltr'><strong>nonest:</strong></span> <span class='ocrx_word' id='word_1_74' title='bbox 708 1426 788 1474; x_wconf 90' lang='lat' dir='ltr'><strong>neque</strong></span> <span class='ocrx_word' id='word_1_75' title='bbox 799 1413 865 1461; x_wconf 83' lang='lat' dir='ltr'><strong>fores</strong></span> 
     </span>
    </p>
   </div>
   <div class='ocr_carea' id='block_1_4' title="bbox 232 1498 1011 3165">
    <p class='ocr_par' dir='ltr' id='par_1_11' title="bbox 234 1498 945 1650">
     <span class='ocr_line' id='line_1_12' title="bbox 234 1498 945 1561; baseline 0.001 -14"><span class='ocrx_word' id='word_1_76' title='bbox 234 1498 379 1560; x_wconf 80' lang='lat' dir='ltr'><strong>Etiriugere.</strong></span> <span class='ocrx_word' id='word_1_77' title='bbox 397 1501 456 1548; x_wconf 82' lang='lat' dir='ltr'><strong>Haec</strong></span> <span class='ocrx_word' id='word_1_78' title='bbox 467 1499 488 1548; x_wconf 88' lang='lat' dir='ltr'><strong>si</strong></span> <span class='ocrx_word' id='word_1_79' title='bbox 499 1513 578 1561; x_wconf 89' lang='lat' dir='ltr'><strong>neque</strong></span> <span class='ocrx_word' id='word_1_80' title='bbox 589 1514 645 1560; x_wconf 81' lang='lat' dir='ltr'><strong>ego,</strong></span> <span class='ocrx_word' id='word_1_81' title='bbox 656 1513 734 1561; x_wconf 88' lang='lat' dir='ltr'><strong>neque</strong></span> <span class='ocrx_word' id='word_1_82' title='bbox 745 1506 773 1548; x_wconf 85' lang='lat' dir='ltr'><strong>tu</strong></span> <span class='ocrx_word' id='word_1_83' title='bbox 784 1499 897 1561; x_wconf 81' lang='lat' dir='ltr'><strong>fecimus,</strong></span> <span class='ocrx_word' id='word_1_84' title='bbox 944 1509 945 1512; x_wconf 77' lang='grc'>’</span> 
     </span>
     <span class='ocr_line' id='line_1_13' title="bbox 236 1587 915 1650; baseline 0.004 -14"><span class='ocrx_word' id='word_1_85' title='bbox 236 1589 294 1636; x_wconf 85' lang='lat' dir='ltr'><strong>Non</strong></span> <span class='ocrx_word' id='word_1_86' title='bbox 305 1587 362 1637; x_wconf 80' lang='lat' dir='ltr'><strong>sivit</strong></span> <span class='ocrx_word' id='word_1_87' title='bbox 371 1596 463 1650; x_wconf 75' lang='lat' dir='ltr'>egestas</span> <span class='ocrx_word' id='word_1_88' title='bbox 473 1589 554 1637; x_wconf 82' lang='lat' dir='ltr'><strong>iacere</strong></span> <span class='ocrx_word' id='word_1_89' title='bbox 562 1603 615 1637; x_wconf 88' lang='lat' dir='ltr'><strong>nos.</strong></span> <span class='ocrx_word' id='word_1_90' title='bbox 641 1591 681 1638; x_wconf 82' lang='lat' dir='ltr'><strong>Tu</strong></span> <span class='ocrx_word' id='word_1_91' title='bbox 693 1603 757 1638; x_wconf 86' lang='lat' dir='ltr'><strong>nuuc</strong></span> <span class='ocrx_word' id='word_1_92' title='bbox 767 1589 811 1638; x_wconf 84' lang='lat' dir='ltr'><strong>tibi</strong></span> <span class='ocrx_word' id='word_1_93' title='bbox 912 1615 915 1621; x_wconf 94' lang='lat'>·</span> 
     </span>
    </p>

    <p class='ocr_par' dir='ltr' id='par_1_12' title="bbox 236 1677 798 1754">
     <span class='ocr_line' id='line_1_14' title="bbox 236 1677 798 1754; baseline 0.004 -28"><span class='ocrx_word' id='word_1_94' title='bbox 236 1678 265 1727; x_wconf 92' lang='lat' dir='ltr'><strong>ld</strong></span> <span class='ocrx_word' id='word_1_95' title='bbox 277 1678 344 1728; x_wconf 82' lang='lat' dir='ltr'><strong>laudi</strong></span> <span class='ocrx_word' id='word_1_96' title='bbox 354 1679 433 1739; x_wconf 84' lang='lat' dir='ltr'><strong>ducis,</strong></span> <span class='ocrx_word' id='word_1_97' title='bbox 445 1678 510 1741; x_wconf 85' lang='lat' dir='ltr'><strong>quod</strong></span> <span class='ocrx_word' id='word_1_98' title='bbox 521 1686 574 1728; x_wconf 88' lang='lat' dir='ltr'><strong>tum</strong></span> <span class='ocrx_word' id='word_1_99' title='bbox 585 1677 665 1728; x_wconf 76' lang='lat' dir='ltr'><strong>fecisti</strong></span> <span class='ocrx_word' id='word_1_100' title='bbox 676 1679 767 1742; x_wconf 85' lang='lat' dir='ltr'><strong>iuopia.</strong></span> <span class='ocrx_word' id='word_1_101' title='bbox 777 1723 798 1754; x_wconf 55' lang='lat'><strong>·</strong></span> 
     </span>
    </p>

    <p class='ocr_par' dir='ltr' id='par_1_13' title="bbox 234 1766 794 1828">
     <span class='ocr_line' id='line_1_15' title="bbox 234 1766 794 1828; baseline 0.002 -13"><span class='ocrx_word' id='word_1_102' title='bbox 234 1767 391 1827; x_wconf 84' lang='lat' dir='ltr'><strong>injurium&#39;st</strong></span> <span class='ocrx_word' id='word_1_103' title='bbox 400 1787 406 1816; x_wconf 74' lang='grc' dir='ltr'><strong><em>ε</em></strong></span> <span class='ocrx_word' id='word_1_104' title='bbox 414 1778 482 1821; x_wconf 86' lang='lat' dir='ltr'><strong>&#39;nam</strong></span> <span class='ocrx_word' id='word_1_105' title='bbox 494 1767 515 1816; x_wconf 88' lang='lat' dir='ltr'><strong>si</strong></span> <span class='ocrx_word' id='word_1_106' title='bbox 526 1773 590 1815; x_wconf 85' lang='lat' dir='ltr'><strong>esset</strong></span> <span class='ocrx_word' id='word_1_107' title='bbox 598 1767 665 1815; x_wconf 87' lang='lat' dir='ltr'><strong>unde</strong></span> <span class='ocrx_word' id='word_1_108' title='bbox 674 1766 699 1816; x_wconf 92' lang='lat' dir='ltr'><strong>id</strong></span> <span class='ocrx_word' id='word_1_109' title='bbox 707 1767 794 1828; x_wconf 87' lang='lat' dir='ltr'><strong>fieret,.</strong></span> 
     </span>
    </p>

    <p class='ocr_par' dir='ltr' id='par_1_14' title="bbox 236 1852 865 1919">
     <span class='ocr_line' id='line_1_16' title="bbox 236 1852 865 1919; baseline -0.002 -13"><span class='ocrx_word' id='word_1_110' title='bbox 236 1857 383 1906; x_wconf 79' lang='lat' dir='ltr'><strong>Fueeremus</strong></span> <span class='ocrx_word' id='word_1_111' title='bbox 394 1876 400 1906; x_wconf 77' lang='lat' dir='ltr'><strong><em>z</em></strong></span> <span class='ocrx_word' id='word_1_112' title='bbox 416 1863 443 1905; x_wconf 87' lang='lat' dir='ltr'><strong>et</strong></span> <span class='ocrx_word' id='word_1_113' title='bbox 453 1863 481 1904; x_wconf 91' lang='lat' dir='ltr'><strong>tu</strong></span> <span class='ocrx_word' id='word_1_114' title='bbox 492 1854 564 1904; x_wconf 82' lang='lat' dir='ltr'><strong>illum</strong></span> <span class='ocrx_word' id='word_1_115' title='bbox 576 1852 661 1917; x_wconf 75' lang='lat' dir='ltr'><strong>tuum,‘</strong></span> <span class='ocrx_word' id='word_1_116' title='bbox 670 1855 691 1905; x_wconf 89' lang='lat' dir='ltr'><strong>si</strong></span> <span class='ocrx_word' id='word_1_117' title='bbox 702 1869 767 1905; x_wconf 88' lang='lat' dir='ltr'><strong>esses</strong></span> <span class='ocrx_word' id='word_1_118' title='bbox 778 1856 865 1919; x_wconf 92' lang='lat' dir='ltr'><strong>homo,</strong></span> 
     </span>
    </p>

    <p class='ocr_par' dir='ltr' id='par_1_15' title="bbox 236 1944 884 2007">
     <span class='ocr_line' id='line_1_17' title="bbox 236 1944 884 2007; baseline -0.002 -11"><span class='ocrx_word' id='word_1_119' title='bbox 236 1945 335 1996; x_wconf 78' lang='lat' dir='ltr'><strong>Sineres</strong></span> <span class='ocrx_word' id='word_1_120' title='bbox 346 1961 411 1994; x_wconf 87' lang='lat' dir='ltr'><strong>nune</strong></span> <span class='ocrx_word' id='word_1_121' title='bbox 421 1947 512 2006; x_wconf 84' lang='lat' dir='ltr'><strong>iacere,</strong></span> <span class='ocrx_word' id='word_1_122' title='bbox 523 1946 582 1993; x_wconf 91' lang='lat' dir='ltr'><strong>dum</strong></span> <span class='ocrx_word' id='word_1_123' title='bbox 593 1960 638 2007; x_wconf 84' lang='lat' dir='ltr'><strong>per</strong></span> <span class='ocrx_word' id='word_1_124' title='bbox 649 1952 746 1995; x_wconf 81' lang='lat' dir='ltr'><strong>aetatem</strong></span> <span class='ocrx_word' id='word_1_125' title='bbox 756 1944 814 1995; x_wconf 88' lang='lat' dir='ltr'><strong>licet</strong></span> <span class='ocrx_word' id='word_1_126' title='bbox 825 1966 830 1995; x_wconf 92' lang='lat'>:</span> <span class='ocrx_word' id='word_1_127' title='bbox 879 1999 884 2007; x_wconf 61' lang='grc'>,</span> 
     </span>
    </p>

    <p class='ocr_par' dir='ltr' id='par_1_16' title="bbox 236 2034 892 2184">
     <span class='ocr_line' id='line_1_18' title="bbox 237 2034 892 2097; baseline -0.002 -13"><span class='ocrx_word' id='word_1_128' title='bbox 237 2035 322 2084; x_wconf 88' lang='lat' dir='ltr'><strong>Potius</strong></span> <span class='ocrx_word' id='word_1_129' title='bbox 333 2048 417 2096; x_wconf 82' lang='lat' dir='ltr'><strong>quam,</strong></span> <span class='ocrx_word' id='word_1_130' title='bbox 428 2034 471 2082; x_wconf 90' lang='lat' dir='ltr'><strong>ubi</strong></span> <span class='ocrx_word' id='word_1_131' title='bbox 481 2042 505 2082; x_wconf 84' lang='lat' dir='ltr'><strong>te</strong></span> <span class='ocrx_word' id='word_1_132' title='bbox 516 2042 683 2096; x_wconf 81' lang='lat' dir='ltr'><strong>exspectatum</strong></span> <span class='ocrx_word' id='word_1_133' title='bbox 695 2035 807 2097; x_wconf 87' lang='lat' dir='ltr'><strong>ejecisset</strong></span> <span class='ocrx_word' id='word_1_134' title='bbox 815 2035 892 2096; x_wconf 79' lang='lat' dir='ltr'><strong>forus,</strong></span> 
     </span>
     <span class='ocr_line' id='line_1_19' title="bbox 236 2121 715 2184; baseline 0.002 -13"><span class='ocrx_word' id='word_1_135' title='bbox 236 2121 367 2171; x_wconf 82' lang='lat' dir='ltr'><strong>Alieniore·</strong></span> <span class='ocrx_word' id='word_1_136' title='bbox 374 2129 445 2169; x_wconf 82' lang='lat' dir='ltr'><strong>aetate</strong></span> <span class='ocrx_word' id='word_1_137' title='bbox 456 2129 512 2184; x_wconf 87' lang='lat' dir='ltr'><strong>post</strong></span> <span class='ocrx_word' id='word_1_138' title='bbox 523 2122 615 2171; x_wconf 83' lang='lat' dir='ltr'><strong>iaceret</strong></span> <span class='ocrx_word' id='word_1_139' title='bbox 624 2130 715 2173; x_wconf 81' lang='lat' dir='ltr'><strong>tumen.</strong></span> 
     </span>
    </p>

    <p class='ocr_par' dir='ltr' id='par_1_17' title="bbox 233 2210 1011 2452">
     <span class='ocr_line' id='line_1_20' title="bbox 233 2210 941 2274; baseline -0.001 -16"><span class='ocrx_word' id='word_1_140' title='bbox 233 2212 282 2259; x_wconf 82' lang='lat' dir='ltr'><strong>De.</strong></span> <span class='ocrx_word' id='word_1_141' title='bbox 300 2211 349 2258; x_wconf 88' lang='lat' dir='ltr'><strong>Pro</strong></span> <span class='ocrx_word' id='word_1_142' title='bbox 359 2210 487 2272; x_wconf 76' lang='lat' dir='ltr'><strong>iuppiter!</strong></span> <span class='ocrx_word' id='word_1_143' title='bbox 506 2218 534 2259; x_wconf 87' lang='lat' dir='ltr'><strong>tu</strong></span> <span class='ocrx_word' id='word_1_144' title='bbox 544 2211 621 2259; x_wconf 88' lang='lat' dir='ltr'><strong>homo</strong></span> <span class='ocrx_word' id='word_1_145' title='bbox 632 2211 708 2274; x_wconf 80' lang='lat' dir='ltr'><strong>adigis</strong></span> <span class='ocrx_word' id='word_1_146' title='bbox 720 2225 760 2260; x_wconf 89' lang='lat' dir='ltr'><strong>me</strong></span> <span class='ocrx_word' id='word_1_147' title='bbox 771 2210 802 2260; x_wconf 82' lang='lat' dir='ltr'><strong>ed</strong></span> <span class='ocrx_word' id='word_1_148' title='bbox 812 2210 941 2260; x_wconf 71' lang='lat' dir='ltr'><strong>insanium.</strong></span> 
     </span>
     <span class='ocr_line' id='line_1_21' title="bbox 235 2291 1011 2359; baseline 0 -12"><span class='ocrx_word' id='word_1_149' title='bbox 235 2298 294 2347; x_wconf 88' lang='lat' dir='ltr'><strong>Non</strong></span> <span class='ocrx_word' id='word_1_150' title='bbox 302 2304 340 2347; x_wconf 88' lang='lat' dir='ltr'><strong>est</strong></span> <span class='ocrx_word' id='word_1_151' title='bbox 348 2291 467 2359; x_wconf 74' lang='lat' dir='ltr'><strong>flagitium</strong></span> <span class='ocrx_word' id='word_1_152' title='bbox 476 2298 557 2347; x_wconf 81' lang='lat' dir='ltr'><strong>facere</strong></span> <span class='ocrx_word' id='word_1_153' title='bbox 568 2298 620 2347; x_wconf 80' lang='lat' dir='ltr'><strong>haec</strong></span> <span class='ocrx_word' id='word_1_154' title='bbox 631 2299 860 2349; x_wconf 80' lang='lat' dir='ltr'><strong>adolescentulum?</strong></span> <span class='ocrx_word' id='word_1_155' title='bbox 895 2298 943 2347; x_wconf 82' lang='lat' dir='ltr'><strong>Mi.</strong></span> <span class='ocrx_word' id='word_1_156' title='bbox 959 2292 1011 2358; x_wconf 82' lang='lat' dir='ltr'><strong>Ah,</strong></span> 
     </span>
     <span class='ocr_line' id='line_1_22' title="bbox 235 2386 843 2452; baseline 0.003 -18"><span class='ocrx_word' id='word_1_157' title='bbox 235 2386 369 2435; x_wconf 78' lang='lat' dir='ltr'><strong>Auscultu:</strong></span> <span class='ocrx_word' id='word_1_158' title='bbox 387 2398 419 2435; x_wconf 89' lang='lat' dir='ltr'><strong>ne</strong></span> <span class='ocrx_word' id='word_1_159' title='bbox 430 2400 470 2434; x_wconf 92' lang='lat' dir='ltr'><strong>me</strong></span> <span class='ocrx_word' id='word_1_160' title='bbox 482 2386 604 2436; x_wconf 80' lang='lat' dir='ltr'><strong>obtundas</strong></span> <span class='ocrx_word' id='word_1_161' title='bbox 615 2388 700 2437; x_wconf 83' lang='lat' dir='ltr'><strong>dehac</strong></span> <span class='ocrx_word' id='word_1_162' title='bbox 711 2402 739 2436; x_wconf 87' lang='lat' dir='ltr'><strong>re</strong></span> <span class='ocrx_word' id='word_1_163' title='bbox 748 2386 843 2452; x_wconf 58' lang='lat' dir='ltr'><strong>¹«sestius.</strong></span> 
     </span>
    </p>

    <p class='ocr_par' dir='ltr' id='par_1_18' title="bbox 232 2474 762 2539">
     <span class='ocr_line' id='line_1_23' title="bbox 232 2474 762 2539; baseline 0.009 -17"><span class='ocrx_word' id='word_1_164' title='bbox 232 2476 316 2523; x_wconf 60' lang='lat' dir='ltr'><strong>&#39;lusum</strong></span> <span class='ocrx_word' id='word_1_165' title='bbox 327 2474 406 2523; x_wconf 89' lang='lat' dir='ltr'><strong>filium</strong></span> <span class='ocrx_word' id='word_1_166' title='bbox 415 2475 503 2525; x_wconf 88' lang='lat' dir='ltr'><strong>dedisti</strong></span> <span class='ocrx_word' id='word_1_167' title='bbox 511 2476 676 2539; x_wconf 81' lang='lat' dir='ltr'><strong>adoptandum</strong></span> <span class='ocrx_word' id='word_1_168' title='bbox 686 2477 762 2527; x_wconf 86' lang='lat' dir='ltr'><strong>mihi:</strong></span> 
     </span>
    </p>

    <p class='ocr_par' dir='ltr' id='par_1_19' title="bbox 236 2562 826 2630">
     <span class='ocr_line' id='line_1_24' title="bbox 236 2562 826 2630; baseline 0.003 -17"><span class='ocrx_word' id='word_1_169' title='bbox 236 2567 261 2615; x_wconf 91' lang='lat' dir='ltr'><strong>Is</strong></span> <span class='ocrx_word' id='word_1_170' title='bbox 270 2578 339 2613; x_wconf 91' lang='lat' dir='ltr'><strong>meus</strong></span> <span class='ocrx_word' id='word_1_171' title='bbox 350 2572 388 2614; x_wconf 88' lang='lat' dir='ltr'><strong>est</strong></span> <span class='ocrx_word' id='word_1_172' title='bbox 398 2566 477 2614; x_wconf 83' lang='lat' dir='ltr'><strong>iaetus</strong></span> <span class='ocrx_word' id='word_1_173' title='bbox 489 2585 495 2613; x_wconf 87' lang='lat'>:</span> <span class='ocrx_word' id='word_1_174' title='bbox 512 2567 534 2615; x_wconf 90' lang='lat' dir='ltr'><strong>si</strong></span> <span class='ocrx_word' id='word_1_175' title='bbox 545 2562 605 2628; x_wconf 90' lang='lat' dir='ltr'><strong>quid</strong></span> <span class='ocrx_word' id='word_1_176' title='bbox 613 2574 707 2630; x_wconf 82' lang='lat' dir='ltr'><strong>peccat,</strong></span> <span class='ocrx_word' id='word_1_177' title='bbox 722 2570 826 2627; x_wconf 84' lang='lat' dir='ltr'><strong>Demea,</strong></span> 
     </span>
    </p>

    <p class='ocr_par' dir='ltr' id='par_1_20' title="bbox 235 2653 881 2807">
     <span class='ocr_line' id='line_1_25' title="bbox 235 2653 881 2718; baseline 0 -15"><span class='ocrx_word' id='word_1_178' title='bbox 235 2653 300 2703; x_wconf 85' lang='lat' dir='ltr'><strong>Mihi</strong></span> <span class='ocrx_word' id='word_1_179' title='bbox 311 2661 409 2717; x_wconf 80' lang='lat' dir='ltr'><strong>peccat:</strong></span> <span class='ocrx_word' id='word_1_180' title='bbox 427 2668 473 2716; x_wconf 77' lang='lat' dir='ltr'><strong>ego</strong></span> <span class='ocrx_word' id='word_1_181' title='bbox 485 2654 523 2703; x_wconf 88' lang='lat' dir='ltr'><strong>iili</strong></span> <span class='ocrx_word' id='word_1_182' title='bbox 533 2664 675 2705; x_wconf 75' lang='lat' dir='ltr'><strong>maxumam</strong></span> <span class='ocrx_word' id='word_1_183' title='bbox 686 2662 782 2718; x_wconf 84' lang='lat' dir='ltr'><strong>partem</strong></span> <span class='ocrx_word' id='word_1_184' title='bbox 795 2656 881 2704; x_wconf 81' lang='lat' dir='ltr'><strong>feram.</strong></span> 
     </span>
     <span class='ocr_line' id='line_1_26' title="bbox 235 2740 799 2807; baseline 0.004 -14"><span class='ocrx_word' id='word_1_185' title='bbox 235 2744 358 2805; x_wconf 78' lang='lat' dir='ltr'><strong>Obseuat,</strong></span> <span class='ocrx_word' id='word_1_186' title='bbox 369 2752 449 2807; x_wconf 81' lang='lat' dir='ltr'><strong>potat,</strong></span> <span class='ocrx_word' id='word_1_187' title='bbox 461 2740 665 2807; x_wconf 76' lang='lat' dir='ltr'><strong>olet&#39;unguenta?</strong></span> <span class='ocrx_word' id='word_1_188' title='bbox 682 2744 713 2794; x_wconf 92' lang='lat' dir='ltr'><strong>de</strong></span> <span class='ocrx_word' id='word_1_189' title='bbox 724 2760 779 2794; x_wconf 89' lang='lat' dir='ltr'><strong>meo</strong></span> <span class='ocrx_word' id='word_1_190' title='bbox 793 2764 799 2795; x_wconf 71' lang='grc' dir='ltr'><strong>ε</strong></span> 
     </span>
    </p>

    <p class='ocr_par' dir='ltr' id='par_1_21' title="bbox 234 2832 981 2985">
     <span class='ocr_line' id='line_1_27' title="bbox 234 2832 981 2895; baseline 0.001 -15"><span class='ocrx_word' id='word_1_191' title='bbox 234 2833 327 2881; x_wconf 79' lang='lat' dir='ltr'><strong>Amet?</strong></span> <span class='ocrx_word' id='word_1_192' title='bbox 346 2832 444 2882; x_wconf 83' lang='lat' dir='ltr'><strong>dabitur</strong></span> <span class='ocrx_word' id='word_1_193' title='bbox 453 2848 469 2883; x_wconf 89' lang='lat' dir='ltr'>a</span> <span class='ocrx_word' id='word_1_194' title='bbox 478 2848 519 2882; x_wconf 88' lang='lat' dir='ltr'><strong>me</strong></span> <span class='ocrx_word' id='word_1_195' title='bbox 530 2841 670 2895; x_wconf 79' lang='lat' dir='ltr'><strong>argentum,</strong></span> <span class='ocrx_word' id='word_1_196' title='bbox 681 2834 740 2883; x_wconf 90' lang='lat' dir='ltr'><strong>dum</strong></span> <span class='ocrx_word' id='word_1_197' title='bbox 752 2834 800 2884; x_wconf 86' lang='lat' dir='ltr'><strong>erit</strong></span> <span class='ocrx_word' id='word_1_198' title='bbox 808 2832 981 2883; x_wconf 83' lang='lat' dir='ltr'><strong>commodum:</strong></span> 
     </span>
     <span class='ocr_line' id='line_1_28' title="bbox 234 2922 769 2985; baseline 0.007 -15"><span class='ocrx_word' id='word_1_199' title='bbox 234 2922 285 2971; x_wconf 90' lang='lat' dir='ltr'><strong>Ubi</strong></span> <span class='ocrx_word' id='word_1_200' title='bbox 296 2937 347 2971; x_wconf 83' lang='lat' dir='ltr'><strong>uon</strong></span> <span class='ocrx_word' id='word_1_201' title='bbox 357 2922 415 2985; x_wconf 88' lang='lat' dir='ltr'><strong>erit,</strong></span> <span class='ocrx_word' id='word_1_202' title='bbox 426 2926 531 2974; x_wconf 78' lang='lat' dir='ltr'><strong>tortasse</strong></span> <span class='ocrx_word' id='word_1_203' title='bbox 538 2925 683 2974; x_wconf 82' lang='lat' dir='ltr'><strong>excludetur</strong></span> <span class='ocrx_word' id='word_1_204' title='bbox 694 2927 769 2975; x_wconf 83' lang='lat' dir='ltr'><strong>foras.</strong></span> 
     </span>
    </p>

    <p class='ocr_par' dir='ltr' id='par_1_22' title="bbox 233 2998 738 3073">
     <span class='ocr_line' id='line_1_29' title="bbox 233 2998 738 3073; baseline 0.012 -15"><span class='ocrx_word' id='word_1_205' title='bbox 233 3011 308 3059; x_wconf 87' lang='lat' dir='ltr'><strong>Fores</strong></span> <span class='ocrx_word' id='word_1_206' title='bbox 319 2998 432 3073; x_wconf 81' lang='lat' dir='ltr'><strong>effregit?</strong></span> <span class='ocrx_word' id='word_1_207' title='bbox 450 3013 623 3064; x_wconf 77' lang='lat' dir='ltr'><strong>restituemur:</strong></span> <span class='ocrx_word' id='word_1_208' title='bbox 640 3014 738 3064; x_wconf 87' lang='lat' dir='ltr'><strong>discidit</strong></span> 
     </span>
    </p>

    <p class='ocr_par' dir='ltr' id='par_1_23' title="bbox 233 3100 766 3165">
     <span class='ocr_line' id='line_1_30' title="bbox 233 3100 766 3165; baseline 0.011 -18"><span class='ocrx_word' id='word_1_209' title='bbox 233 3100 354 3149; x_wconf 82' lang='lat' dir='ltr'><strong>Vestem?</strong></span> <span class='ocrx_word' id='word_1_210' title='bbox 373 3101 527 3153; x_wconf 83' lang='lat' dir='ltr'><strong>resarcietur.</strong></span> <span class='ocrx_word' id='word_1_211' title='bbox 559 3104 614 3165; x_wconf 83' lang='lat' dir='ltr'><strong>Est,</strong></span> <span class='ocrx_word' id='word_1_212' title='bbox 626 3103 670 3153; x_wconf 86' lang='lat' dir='ltr'><strong>Dis</strong></span> <span class='ocrx_word' id='word_1_213' title='bbox 681 3102 766 3165; x_wconf 71' lang='lat' dir='ltr'><strong>gratie,</strong></span> 
     </span>
    </p>
   </div>
   <div class='ocr_carea' id='block_1_5' title="bbox 0 0 1234 3800">
    <p class='ocr_par' dir='ltr' id='par_1_24' title="bbox 0 0 1234 3800">
     <span class='ocr_line' id='line_1_31' title="bbox 0 0 1234 3800; baseline 0 0"><span class='ocrx_word' id='word_1_214' title='bbox 0 0 1234 3800; x_wconf 95' lang='lat' dir='ltr'><strong> </strong></span> 
     </span>
    </p>
   </div>
  </div>
 </body>
</html>
