<?xml version="1.0" encoding="UTF-8"?>
<!DOCTYPE html PUBLIC "-//W3C//DTD XHTML 1.0 Transitional//EN"
    "http://www.w3.org/TR/xhtml1/DTD/xhtml1-transitional.dtd">
<html xmlns="http://www.w3.org/1999/xhtml" xml:lang="en" lang="en">
 <head>
  <title>
</title>
<meta http-equiv="Content-Type" content="text/html;charset=utf-8" />
  <meta name='ocr-system' content='tesseract 3.04.00' />
  <meta name='ocr-capabilities' content='ocr_page ocr_carea ocr_par ocr_line ocrx_word'/>
</head>
<body>
  <div class='ocr_page' id='page_1' title='image "./comoediaesexadf00zeungoog_0259.png"; bbox 0 0 2459 3800; ppageno 0'>
   <div class='ocr_carea' id='block_1_1' title="bbox 238 468 830 522">
    <p class='ocr_par' dir='ltr' id='par_1_1' title="bbox 238 468 830 522">
     <span class='ocr_line' id='line_1_1' title="bbox 238 468 830 522; baseline 0.008 -4"><span class='ocrx_word' id='word_1_1' title='bbox 238 470 294 519; x_wconf 58' lang='lat'><strong>²25⁰</strong></span> <span class='ocrx_word' id='word_1_2' title='bbox 462 468 490 518; x_wconf 86' lang='lat' dir='ltr'><strong>P.</strong></span> <span class='ocrx_word' id='word_1_3' title='bbox 505 471 667 522; x_wconf 76' lang='lat' dir='ltr'>TERENTH</span> <span class='ocrx_word' id='word_1_4' title='bbox 686 469 830 522; x_wconf 72' lang='lat' dir='ltr'><strong>lincunt.</strong></span> 
     </span>
    </p>
   </div>
   <div class='ocr_carea' id='block_1_2' title="bbox 244 611 835 767">
    <p class='ocr_par' dir='ltr' id='par_1_2' title="bbox 244 611 835 767">
     <span class='ocr_line' id='line_1_2' title="bbox 245 611 835 668; baseline 0.003 -5"><span class='ocrx_word' id='word_1_5' title='bbox 245 612 316 664; x_wconf 73' lang='lat' dir='ltr'><strong>Eheu</strong></span> <span class='ocrx_word' id='word_1_6' title='bbox 328 626 368 662; x_wconf 84' lang='lat' dir='ltr'><strong>me</strong></span> <span class='ocrx_word' id='word_1_7' title='bbox 379 611 508 663; x_wconf 80' lang='lat' dir='ltr'><strong>miserum!</strong></span> <span class='ocrx_word' id='word_1_8' title='bbox 526 628 571 663; x_wconf 86' lang='lat' dir='ltr'><strong>our</strong></span> <span class='ocrx_word' id='word_1_9' title='bbox 580 629 632 664; x_wconf 87' lang='lat' dir='ltr'><strong>non</strong></span> <span class='ocrx_word' id='word_1_10' title='bbox 644 623 687 666; x_wconf 84' lang='lat' dir='ltr'><strong>unt</strong></span> <span class='ocrx_word' id='word_1_11' title='bbox 696 615 763 668; x_wconf 71' lang='lat' dir='ltr'><strong>istnc</strong></span> <span class='ocrx_word' id='word_1_12' title='bbox 773 615 835 666; x_wconf 89' lang='lat' dir='ltr'><strong>mihi</strong></span> 
     </span>
     <span class='ocr_line' id='line_1_3' title="bbox 244 704 819 767; baseline 0.007 -13"><span class='ocrx_word' id='word_1_13' title='bbox 244 704 315 754; x_wconf 59' lang='grc' dir='ltr'><strong>,ΕΝ</strong></span> <span class='ocrx_word' id='word_1_14' title='bbox 324 710 350 754; x_wconf 79' lang='lat' dir='ltr'><strong>et</strong></span> <span class='ocrx_word' id='word_1_15' title='bbox 360 705 442 754; x_wconf 78' lang='lat' dir='ltr'><strong>formu</strong></span> <span class='ocrx_word' id='word_1_16' title='bbox 448 711 496 767; x_wconf 78' lang='lat' dir='ltr'><strong>est,</strong></span> <span class='ocrx_word' id='word_1_17' title='bbox 506 711 549 754; x_wconf 81' lang='lat' dir='ltr'><strong>aut</strong></span> <span class='ocrx_word' id='word_1_18' title='bbox 558 705 604 754; x_wconf 84' lang='lat' dir='ltr'><strong>tibi</strong></span> <span class='ocrx_word' id='word_1_19' title='bbox 613 706 667 756; x_wconf 77' lang='lat' dir='ltr'><strong>haec</strong></span> <span class='ocrx_word' id='word_1_20' title='bbox 678 707 819 758; x_wconf 73' lang='lat' dir='ltr'><strong>sententis?</strong></span> 
     </span>
    </p>
   </div>
   <div class='ocr_carea' id='block_1_3' title="bbox 471 908 817 992">
    <p class='ocr_par' dir='ltr' id='par_1_3' title="bbox 471 908 817 992">
     <span class='ocr_line' id='line_1_4' title="bbox 471 908 817 992; baseline 0 -2"><span class='ocrx_word' id='word_1_21' title='bbox 471 908 583 992; x_wconf 74' lang='lat' dir='ltr'><strong>nouus</strong></span> <span class='ocrx_word' id='word_1_22' title='bbox 601 942 622 990; x_wconf 92' lang='lat'><strong>1.</strong></span> <span class='ocrx_word' id='word_1_23' title='bbox 656 940 766 992; x_wconf 77' lang='lat' dir='ltr'><strong>scnnn</strong></span> <span class='ocrx_word' id='word_1_24' title='bbox 783 941 817 990; x_wconf 92' lang='lat'><strong>11.</strong></span> 
     </span>
    </p>
   </div>
   <div class='ocr_carea' id='block_1_4' title="bbox 435 1052 857 1106">
    <p class='ocr_par' dir='ltr' id='par_1_4' title="bbox 435 1052 857 1106">
     <span class='ocr_line' id='line_1_5' title="bbox 435 1052 857 1106; baseline -0.005 -3"><span class='ocrx_word' id='word_1_25' title='bbox 435 1052 574 1103; x_wconf 76' lang='lat' dir='ltr'><strong>Psnuuuo.</strong></span> <span class='ocrx_word' id='word_1_26' title='bbox 607 1057 744 1104; x_wconf 68' lang='lat' dir='ltr'><strong>Pulmonis.</strong></span> <span class='ocrx_word' id='word_1_27' title='bbox 777 1053 857 1106; x_wconf 74' lang='lat' dir='ltr'><strong>Suus.</strong></span> 
     </span>
    </p>
   </div>
   <div class='ocr_carea' id='block_1_5' title="bbox 244 1153 1018 3186">
    <p class='ocr_par' dir='ltr' id='par_1_5' title="bbox 244 1153 765 1218">
     <span class='ocr_line' id='line_1_6' title="bbox 244 1153 765 1218; baseline 0.002 -13"><span class='ocrx_word' id='word_1_28' title='bbox 244 1154 334 1205; x_wconf 73' lang='lat' dir='ltr'><strong>snum</strong></span> <span class='ocrx_word' id='word_1_29' title='bbox 343 1153 365 1205; x_wconf 88' lang='lat' dir='ltr'><strong>si</strong></span> <span class='ocrx_word' id='word_1_30' title='bbox 377 1163 470 1218; x_wconf 67' lang='lat' dir='ltr'><strong>queret</strong></span> <span class='ocrx_word' id='word_1_31' title='bbox 480 1169 531 1216; x_wconf 84' lang='lat' dir='ltr'><strong>me,</strong></span> <span class='ocrx_word' id='word_1_32' title='bbox 543 1156 618 1205; x_wconf 83' lang='lat' dir='ltr'><strong>modo</strong></span> <span class='ocrx_word' id='word_1_33' title='bbox 629 1155 679 1206; x_wconf 81' lang='lat' dir='ltr'><strong>isse</strong></span> <span class='ocrx_word' id='word_1_34' title='bbox 689 1155 765 1206; x_wconf 85' lang='lat' dir='ltr'><strong>dicito</strong></span> 
     </span>
    </p>

    <p class='ocr_par' dir='ltr' id='par_1_6' title="bbox 244 1242 876 1396">
     <span class='ocr_line' id='line_1_7' title="bbox 244 1242 876 1308; baseline 0 -15"><span class='ocrx_word' id='word_1_35' title='bbox 244 1243 284 1293; x_wconf 81' lang='lat' dir='ltr'><strong>Ad</strong></span> <span class='ocrx_word' id='word_1_36' title='bbox 295 1251 406 1308; x_wconf 76' lang='lat' dir='ltr'><strong>nortun,</strong></span> <span class='ocrx_word' id='word_1_37' title='bbox 417 1251 587 1308; x_wconf 77' lang='lat' dir='ltr'><strong>percontamn</strong></span> <span class='ocrx_word' id='word_1_38' title='bbox 598 1245 731 1294; x_wconf 81' lang='lat' dir='ltr'><strong>adventum</strong></span> <span class='ocrx_word' id='word_1_39' title='bbox 743 1242 876 1308; x_wconf 80' lang='lat' dir='ltr'><strong>Pamphili.</strong></span> 
     </span>
     <span class='ocr_line' id='line_1_8' title="bbox 246 1331 873 1396; baseline 0.002 -15"><span class='ocrx_word' id='word_1_40' title='bbox 246 1331 340 1382; x_wconf 84' lang='lat' dir='ltr'><strong>Audin&#39;</strong></span> <span class='ocrx_word' id='word_1_41' title='bbox 350 1332 410 1396; x_wconf 86' lang='lat' dir='ltr'><strong>quid</strong></span> <span class='ocrx_word' id='word_1_42' title='bbox 420 1333 510 1393; x_wconf 81' lang='lat' dir='ltr'><strong>dicum,</strong></span> <span class='ocrx_word' id='word_1_43' title='bbox 522 1332 618 1382; x_wconf 76' lang='lat' dir='ltr'><strong>Sciron?</strong></span> <span class='ocrx_word' id='word_1_44' title='bbox 638 1331 660 1382; x_wconf 89' lang='lat' dir='ltr'><strong>si</strong></span> <span class='ocrx_word' id='word_1_45' title='bbox 671 1340 764 1395; x_wconf 76' lang='lat' dir='ltr'><strong>quaeret</strong></span> <span class='ocrx_word' id='word_1_46' title='bbox 775 1347 824 1395; x_wconf 88' lang='lat' dir='ltr'><strong>me,</strong></span> <span class='ocrx_word' id='word_1_47' title='bbox 837 1331 873 1382; x_wconf 90' lang='lat' dir='ltr'><strong>uti</strong></span> 
     </span>
    </p>

    <p class='ocr_par' dir='ltr' id='par_1_7' title="bbox 247 1421 835 1486">
     <span class='ocr_line' id='line_1_9' title="bbox 247 1421 835 1486; baseline -0.005 -14"><span class='ocrx_word' id='word_1_48' title='bbox 247 1423 312 1472; x_wconf 82' lang='lat' dir='ltr'><strong>Tum</strong></span> <span class='ocrx_word' id='word_1_49' title='bbox 324 1422 405 1474; x_wconf 81' lang='lat' dir='ltr'><strong>diuus:</strong></span> <span class='ocrx_word' id='word_1_50' title='bbox 423 1423 444 1472; x_wconf 86' lang='lat' dir='ltr'><strong>si</strong></span> <span class='ocrx_word' id='word_1_51' title='bbox 456 1439 507 1472; x_wconf 88' lang='lat' dir='ltr'><strong>non</strong></span> <span class='ocrx_word' id='word_1_52' title='bbox 519 1431 622 1486; x_wconf 84' lang='lat' dir='ltr'><strong>quaeret‚</strong></span> <span class='ocrx_word' id='word_1_53' title='bbox 634 1423 718 1472; x_wconf 86' lang='lat' dir='ltr'><strong>nullus</strong></span> <span class='ocrx_word' id='word_1_54' title='bbox 727 1421 835 1472; x_wconf 73' lang='lat' dir='ltr'><strong>dixerisz</strong></span> 
     </span>
    </p>

    <p class='ocr_par' dir='ltr' id='par_1_8' title="bbox 249 1511 763 1575">
     <span class='ocr_line' id='line_1_10' title="bbox 249 1511 763 1575; baseline -0.002 -14"><span class='ocrx_word' id='word_1_55' title='bbox 249 1511 319 1561; x_wconf 78' lang='lat' dir='ltr'><strong>Alius</strong></span> <span class='ocrx_word' id='word_1_56' title='bbox 331 1519 360 1561; x_wconf 90' lang='lat' dir='ltr'><strong>ut</strong></span> <span class='ocrx_word' id='word_1_57' title='bbox 367 1511 405 1561; x_wconf 93' lang='lat' dir='ltr'><strong>uti</strong></span> <span class='ocrx_word' id='word_1_58' title='bbox 414 1512 506 1575; x_wconf 88' lang='lat' dir='ltr'><strong>possim</strong></span> <span class='ocrx_word' id='word_1_59' title='bbox 515 1525 590 1560; x_wconf 76' lang='lat' dir='ltr'><strong>ouusa</strong></span> <span class='ocrx_word' id='word_1_60' title='bbox 599 1511 646 1560; x_wconf 83' lang='lat' dir='ltr'><strong>huo</strong></span> <span class='ocrx_word' id='word_1_61' title='bbox 660 1511 763 1574; x_wconf 79' lang='lat' dir='ltr'><strong>integra.</strong></span> 
     </span>
    </p>

    <p class='ocr_par' dir='ltr' id='par_1_9' title="bbox 250 1597 1016 1929">
     <span class='ocr_line' id='line_1_11' title="bbox 250 1597 908 1664; baseline -0.006 -12"><span class='ocrx_word' id='word_1_62' title='bbox 250 1601 300 1652; x_wconf 79' lang='lat' dir='ltr'><strong>sel</strong></span> <span class='ocrx_word' id='word_1_63' title='bbox 310 1601 407 1651; x_wconf 78' lang='lat' dir='ltr'><strong>videon·</strong></span> <span class='ocrx_word' id='word_1_64' title='bbox 418 1616 464 1664; x_wconf 74' lang='lat' dir='ltr'><strong>ogo</strong></span> <span class='ocrx_word' id='word_1_65' title='bbox 476 1601 610 1651; x_wconf 78' lang='lat' dir='ltr'><strong>Philotium</strong></span> <span class='ocrx_word' id='word_1_66' title='bbox 622 1604 632 1650; x_wconf 71' lang='grc' dir='ltr'><strong><em>ἓ</em></strong></span> <span class='ocrx_word' id='word_1_67' title='bbox 651 1601 717 1651; x_wconf 85' lang='lat' dir='ltr'><strong>unde</strong></span> <span class='ocrx_word' id='word_1_68' title='bbox 728 1601 782 1653; x_wconf 72' lang='lat' dir='ltr'><strong>hnc</strong></span> <span class='ocrx_word' id='word_1_69' title='bbox 792 1597 908 1650; x_wconf 79' lang='lat' dir='ltr'><strong>advenit?</strong></span> 
     </span>
     <span class='ocr_line' id='line_1_12' title="bbox 251 1689 922 1751; baseline -0.004 -11"><span class='ocrx_word' id='word_1_70' title='bbox 251 1689 366 1750; x_wconf 76' lang='lat' dir='ltr'><strong>Philotis,</strong></span> <span class='ocrx_word' id='word_1_71' title='bbox 375 1692 442 1740; x_wconf 83' lang='lat' dir='ltr'><strong>salve</strong></span> <span class='ocrx_word' id='word_1_72' title='bbox 453 1691 568 1740; x_wconf 80' lang='lat' dir='ltr'><strong>multum.</strong></span> <span class='ocrx_word' id='word_1_73' title='bbox 603 1693 648 1739; x_wconf 77' lang='lat' dir='ltr'><strong>Pl.</strong></span> <span class='ocrx_word' id='word_1_74' title='bbox 666 1689 689 1740; x_wconf 92' lang='lat'>0</span> <span class='ocrx_word' id='word_1_75' title='bbox 701 1690 778 1751; x_wconf 77' lang='lat' dir='ltr'><strong>salve,</strong></span> <span class='ocrx_word' id='word_1_76' title='bbox 790 1691 922 1738; x_wconf 82' lang='lat' dir='ltr'><strong>Parmeno.</strong></span> 
     </span>
     <span class='ocr_line' id='line_1_13' title="bbox 252 1777 1016 1842; baseline -0.003 -14"><span class='ocrx_word' id='word_1_77' title='bbox 252 1780 294 1841; x_wconf 73' lang='lat' dir='ltr'><strong>Sy.</strong></span> <span class='ocrx_word' id='word_1_78' title='bbox 311 1779 521 1839; x_wconf 81' lang='lat' dir='ltr'><strong>Snlvemenustor‚</strong></span> <span class='ocrx_word' id='word_1_79' title='bbox 531 1780 662 1827; x_wconf 82' lang='lat' dir='ltr'><strong>Parmeno.</strong></span> <span class='ocrx_word' id='word_1_80' title='bbox 685 1780 733 1827; x_wconf 86' lang='lat' dir='ltr'><strong>Po.</strong></span> <span class='ocrx_word' id='word_1_81' title='bbox 750 1780 782 1827; x_wconf 88' lang='lat' dir='ltr'><strong>Et</strong></span> <span class='ocrx_word' id='word_1_82' title='bbox 792 1785 820 1826; x_wconf 91' lang='lat' dir='ltr'><strong>tu</strong></span> <span class='ocrx_word' id='word_1_83' title='bbox 831 1777 935 1842; x_wconf 74' lang='lat' dir='ltr'><strong>aenepnl,</strong></span> <span class='ocrx_word' id='word_1_84' title='bbox 947 1777 1016 1841; x_wconf 81' lang='lat' dir='ltr'><strong>Syru.</strong></span> 
     </span>
     <span class='ocr_line' id='line_1_14' title="bbox 252 1866 861 1929; baseline -0.002 -12"><span class='ocrx_word' id='word_1_85' title='bbox 252 1867 299 1918; x_wconf 88' lang='lat' dir='ltr'><strong>Dio</strong></span> <span class='ocrx_word' id='word_1_86' title='bbox 308 1866 370 1916; x_wconf 88' lang='lat' dir='ltr'><strong>mihi</strong></span> <span class='ocrx_word' id='word_1_87' title='bbox 381 1867 496 1929; x_wconf 77' lang='lat' dir='ltr'><strong>Philotis,</strong></span> <span class='ocrx_word' id='word_1_88' title='bbox 507 1866 550 1918; x_wconf 88' lang='lat' dir='ltr'><strong>ubi</strong></span> <span class='ocrx_word' id='word_1_89' title='bbox 560 1874 585 1917; x_wconf 81' lang='lat' dir='ltr'><strong>te</strong></span> <span class='ocrx_word' id='word_1_90' title='bbox 594 1867 723 1918; x_wconf 79' lang='lat' dir='ltr'><strong>oblectasti</strong></span> <span class='ocrx_word' id='word_1_91' title='bbox 734 1874 785 1919; x_wconf 85' lang='lat' dir='ltr'><strong>tum</strong></span> <span class='ocrx_word' id='word_1_92' title='bbox 796 1866 838 1917; x_wconf 86' lang='lat' dir='ltr'><strong>diu</strong></span> <span class='ocrx_word' id='word_1_93' title='bbox 850 1868 861 1916; x_wconf 76' lang='lat' dir='ltr'><strong>i</strong></span> 
     </span>
    </p>

    <p class='ocr_par' dir='ltr' id='par_1_10' title="bbox 254 1956 962 2201">
     <span class='ocr_line' id='line_1_15' title="bbox 254 1956 962 2021; baseline 0.001 -15"><span class='ocrx_word' id='word_1_94' title='bbox 254 1960 301 2006; x_wconf 73' lang='lat' dir='ltr'><strong>Pl.</strong></span> <span class='ocrx_word' id='word_1_95' title='bbox 318 1956 423 2007; x_wconf 85' lang='lat' dir='ltr'><strong>Minime</strong></span> <span class='ocrx_word' id='word_1_96' title='bbox 432 1958 545 2021; x_wconf 76' lang='lat' dir='ltr'><strong>equidem</strong></span> <span class='ocrx_word' id='word_1_97' title='bbox 556 1972 597 2007; x_wconf 81' lang='lat' dir='ltr'><strong>me</strong></span> <span class='ocrx_word' id='word_1_98' title='bbox 606 1958 739 2019; x_wconf 75' lang='lat' dir='ltr'><strong>oblectati,</strong></span> <span class='ocrx_word' id='word_1_99' title='bbox 751 1972 805 2021; x_wconf 76' lang='lat' dir='ltr'><strong>quae</strong></span> <span class='ocrx_word' id='word_1_100' title='bbox 815 1970 871 2007; x_wconf 84' lang='lat' dir='ltr'><strong>eum</strong></span> <span class='ocrx_word' id='word_1_101' title='bbox 883 1956 962 2007; x_wconf 78' lang='lat' dir='ltr'><strong>milite</strong></span> 
     </span>
     <span class='ocr_line' id='line_1_16' title="bbox 256 2046 897 2111; baseline -0.005 -13"><span class='ocrx_word' id='word_1_102' title='bbox 256 2046 404 2098; x_wconf 83' lang='lat' dir='ltr'><strong>Corinthum</strong></span> <span class='ocrx_word' id='word_1_103' title='bbox 413 2047 472 2097; x_wconf 79' lang='lat' dir='ltr'><strong>hino</strong></span> <span class='ocrx_word' id='word_1_104' title='bbox 482 2061 537 2097; x_wconf 85' lang='lat' dir='ltr'><strong>sum</strong></span> <span class='ocrx_word' id='word_1_105' title='bbox 548 2048 661 2111; x_wconf 79' lang='lat' dir='ltr'><strong>proiecto</strong></span> <span class='ocrx_word' id='word_1_106' title='bbox 671 2046 879 2097; x_wconf 79' lang='lat' dir='ltr'><strong>inhumanissimo</strong></span> <span class='ocrx_word' id='word_1_107' title='bbox 890 2065 897 2095; x_wconf 73' lang='grc' dir='ltr'><strong><em>ε</em></strong></span> 
     </span>
     <span class='ocr_line' id='line_1_17' title="bbox 255 2135 840 2201; baseline 0.002 -15"><span class='ocrx_word' id='word_1_108' title='bbox 255 2136 388 2186; x_wconf 86' lang='lat' dir='ltr'><strong>Biennium</strong></span> <span class='ocrx_word' id='word_1_109' title='bbox 397 2135 432 2186; x_wconf 88' lang='lat' dir='ltr'><strong>ibi</strong></span> <span class='ocrx_word' id='word_1_110' title='bbox 443 2144 588 2201; x_wconf 79' lang='lat' dir='ltr'><strong>perpetuum</strong></span> <span class='ocrx_word' id='word_1_111' title='bbox 599 2136 691 2187; x_wconf 78' lang='lat' dir='ltr'><strong>misera</strong></span> <span class='ocrx_word' id='word_1_112' title='bbox 701 2136 773 2187; x_wconf 88' lang='lat' dir='ltr'><strong>illum</strong></span> <span class='ocrx_word' id='word_1_113' title='bbox 784 2136 840 2187; x_wconf 87' lang='lat' dir='ltr'><strong>tuli.</strong></span> 
     </span>
    </p>

    <p class='ocr_par' dir='ltr' id='par_1_11' title="bbox 253 2224 915 2379">
     <span class='ocr_line' id='line_1_18' title="bbox 257 2224 915 2289; baseline -0.003 -14"><span class='ocrx_word' id='word_1_114' title='bbox 257 2228 304 2275; x_wconf 85' lang='lat' dir='ltr'><strong>Pa.</strong></span> <span class='ocrx_word' id='word_1_115' title='bbox 320 2225 425 2289; x_wconf 81' lang='lat' dir='ltr'><strong>AEdepol</strong></span> <span class='ocrx_word' id='word_1_116' title='bbox 436 2233 462 2275; x_wconf 82' lang='lat' dir='ltr'><strong>te</strong></span> <span class='ocrx_word' id='word_1_117' title='bbox 470 2224 619 2275; x_wconf 77' lang='lat' dir='ltr'><strong>desiderium</strong></span> <span class='ocrx_word' id='word_1_118' title='bbox 631 2226 787 2277; x_wconf 74' lang='lat' dir='ltr'><strong>Athenarum</strong></span> <span class='ocrx_word' id='word_1_119' title='bbox 798 2224 915 2286; x_wconf 77' lang='lat' dir='ltr'><strong>arbitror,</strong></span> 
     </span>
     <span class='ocr_line' id='line_1_19' title="bbox 253 2313 745 2379; baseline 0 -14"><span class='ocrx_word' id='word_1_120' title='bbox 253 2313 404 2376; x_wconf 83' lang='lat' dir='ltr'><strong>Philotium,</strong></span> <span class='ocrx_word' id='word_1_121' title='bbox 414 2314 508 2379; x_wconf 78' lang='lat' dir='ltr'><strong>cepisse</strong></span> <span class='ocrx_word' id='word_1_122' title='bbox 518 2328 593 2378; x_wconf 70' lang='lat' dir='ltr'><strong>supe,</strong></span> <span class='ocrx_word' id='word_1_123' title='bbox 603 2321 630 2364; x_wconf 85' lang='lat' dir='ltr'><strong>et</strong></span> <span class='ocrx_word' id='word_1_124' title='bbox 641 2322 666 2365; x_wconf 82' lang='lat' dir='ltr'><strong>te</strong></span> <span class='ocrx_word' id='word_1_125' title='bbox 675 2322 745 2365; x_wconf 88' lang='lat' dir='ltr'><strong>tuum</strong></span> 
     </span>
    </p>

    <p class='ocr_par' dir='ltr' id='par_1_12' title="bbox 258 2403 958 2735">
     <span class='ocr_line' id='line_1_20' title="bbox 258 2403 891 2468; baseline -0.002 -13"><span class='ocrx_word' id='word_1_126' title='bbox 258 2404 398 2456; x_wconf 74' lang='lat' dir='ltr'><strong>Consilium</strong></span> <span class='ocrx_word' id='word_1_127' title='bbox 406 2404 574 2455; x_wconf 77' lang='lat' dir='ltr'><strong>contemsisse.</strong></span> <span class='ocrx_word' id='word_1_128' title='bbox 606 2407 654 2454; x_wconf 79' lang='lat' dir='ltr'><strong>Pl.</strong></span> <span class='ocrx_word' id='word_1_129' title='bbox 671 2406 729 2454; x_wconf 87' lang='lat' dir='ltr'><strong>Non</strong></span> <span class='ocrx_word' id='word_1_130' title='bbox 741 2403 791 2454; x_wconf 83' lang='lat' dir='ltr'><strong>dici</strong></span> <span class='ocrx_word' id='word_1_131' title='bbox 801 2411 891 2468; x_wconf 74' lang='lat' dir='ltr'><strong>potest,</strong></span> 
     </span>
     <span class='ocr_line' id='line_1_21' title="bbox 260 2492 958 2557; baseline -0.001 -13"><span class='ocrx_word' id='word_1_132' title='bbox 260 2496 341 2550; x_wconf 81' lang='lat' dir='ltr'><strong>Quum</strong></span> <span class='ocrx_word' id='word_1_133' title='bbox 352 2493 441 2557; x_wconf 81' lang='lat' dir='ltr'><strong>oupids</strong></span> <span class='ocrx_word' id='word_1_134' title='bbox 448 2507 515 2543; x_wconf 79' lang='lat' dir='ltr'><strong>orum</strong></span> <span class='ocrx_word' id='word_1_135' title='bbox 525 2494 576 2543; x_wconf 83' lang='lat' dir='ltr'><strong>huc</strong></span> <span class='ocrx_word' id='word_1_136' title='bbox 584 2492 715 2554; x_wconf 76' lang='lat' dir='ltr'><strong>redeundi,</strong></span> <span class='ocrx_word' id='word_1_137' title='bbox 725 2492 833 2543; x_wconf 75' lang='lat' dir='ltr'><strong>abeundi</strong></span> <span class='ocrx_word' id='word_1_138' title='bbox 844 2506 859 2543; x_wconf 82' lang='lat' dir='ltr'><strong>a</strong></span> <span class='ocrx_word' id='word_1_139' title='bbox 869 2492 958 2554; x_wconf 82' lang='lat' dir='ltr'><strong>milite,</strong></span> 
     </span>
     <span class='ocr_line' id='line_1_22' title="bbox 260 2580 871 2646; baseline -0.005 -12"><span class='ocrx_word' id='word_1_140' title='bbox 260 2586 359 2646; x_wconf 83' lang='lat' dir='ltr'><strong>Vosque</strong></span> <span class='ocrx_word' id='word_1_141' title='bbox 370 2583 412 2633; x_wconf 87' lang='lat' dir='ltr'><strong>hic</strong></span> <span class='ocrx_word' id='word_1_142' title='bbox 422 2582 531 2643; x_wconf 73' lang='lat' dir='ltr'><strong>videndi,</strong></span> <span class='ocrx_word' id='word_1_143' title='bbox 541 2580 642 2644; x_wconf 77' lang='lat' dir='ltr'><strong>antiqua</strong></span> <span class='ocrx_word' id='word_1_144' title='bbox 653 2588 681 2631; x_wconf 90' lang='lat' dir='ltr'><strong>ut</strong></span> <span class='ocrx_word' id='word_1_145' title='bbox 691 2582 871 2633; x_wconf 77' lang='lat' dir='ltr'><strong>cousuetudine</strong></span> 
     </span>
     <span class='ocr_line' id='line_1_23' title="bbox 260 2668 765 2735; baseline -0.006 -13"><span class='ocrx_word' id='word_1_146' title='bbox 260 2672 386 2735; x_wconf 76' lang='lat' dir='ltr'><strong>Agiturem</strong></span> <span class='ocrx_word' id='word_1_147' title='bbox 395 2671 460 2721; x_wconf 83' lang='lat' dir='ltr'><strong>inter</strong></span> <span class='ocrx_word' id='word_1_148' title='bbox 470 2684 514 2720; x_wconf 86' lang='lat' dir='ltr'><strong>vos</strong></span> <span class='ocrx_word' id='word_1_149' title='bbox 525 2670 602 2720; x_wconf 78' lang='lat' dir='ltr'><strong>libere</strong></span> <span class='ocrx_word' id='word_1_150' title='bbox 610 2668 749 2719; x_wconf 83' lang='lat' dir='ltr'><strong>convivium</strong></span> <span class='ocrx_word' id='word_1_151' title='bbox 759 2689 765 2719; x_wconf 72' lang='grc' dir='ltr'><strong>ι</strong></span> 
     </span>
    </p>

    <p class='ocr_par' dir='ltr' id='par_1_13' title="bbox 262 2759 866 2823">
     <span class='ocr_line' id='line_1_24' title="bbox 262 2759 866 2823; baseline -0.002 -11"><span class='ocrx_word' id='word_1_152' title='bbox 262 2763 327 2812; x_wconf 85' lang='lat' dir='ltr'><strong>Num</strong></span> <span class='ocrx_word' id='word_1_153' title='bbox 336 2762 390 2811; x_wconf 86' lang='lat' dir='ltr'><strong>illic</strong></span> <span class='ocrx_word' id='word_1_154' title='bbox 401 2762 463 2810; x_wconf 75' lang='lat' dir='ltr'><strong>haut</strong></span> <span class='ocrx_word' id='word_1_155' title='bbox 472 2760 573 2820; x_wconf 74' lang='lat' dir='ltr'><strong>licebat,</strong></span> <span class='ocrx_word' id='word_1_156' title='bbox 581 2759 631 2809; x_wconf 89' lang='lat' dir='ltr'><strong>nisi</strong></span> <span class='ocrx_word' id='word_1_157' title='bbox 642 2760 775 2823; x_wconf 80' lang='lat' dir='ltr'><strong>praefluito‚</strong></span> <span class='ocrx_word' id='word_1_158' title='bbox 787 2760 866 2823; x_wconf 88' lang='lat' dir='ltr'><strong>loqul,</strong></span> 
     </span>
    </p>

    <p class='ocr_par' dir='ltr' id='par_1_14' title="bbox 264 2850 936 2996">
     <span class='ocr_line' id='line_1_25' title="bbox 264 2850 936 2915; baseline 0 -14"><span class='ocrx_word' id='word_1_159' title='bbox 264 2854 325 2907; x_wconf 78' lang='lat' dir='ltr'><strong>Quoe</strong></span> <span class='ocrx_word' id='word_1_160' title='bbox 335 2852 375 2901; x_wconf 89' lang='lat' dir='ltr'><strong>illi</strong></span> <span class='ocrx_word' id='word_1_161' title='bbox 384 2854 519 2915; x_wconf 78' lang='lat' dir='ltr'><strong>placerent</strong></span> <span class='ocrx_word' id='word_1_162' title='bbox 549 2853 598 2900; x_wconf 76' lang='lat' dir='ltr'><strong>Po·</strong></span> <span class='ocrx_word' id='word_1_163' title='bbox 616 2852 684 2901; x_wconf 72' lang='lat' dir='ltr'><strong>Haut</strong></span> <span class='ocrx_word' id='word_1_164' title='bbox 694 2850 795 2914; x_wconf 81' lang='lat' dir='ltr'><strong>opinor,</strong></span> <span class='ocrx_word' id='word_1_165' title='bbox 807 2850 936 2901; x_wconf 83' lang='lat' dir='ltr'><strong>commode</strong></span> 
     </span>
     <span class='ocr_line' id='line_1_26' title="bbox 264 2940 722 2996; baseline -0.009 -2"><span class='ocrx_word' id='word_1_166' title='bbox 264 2944 351 2996; x_wconf 79' lang='lat' dir='ltr'><strong>linem</strong></span> <span class='ocrx_word' id='word_1_167' title='bbox 364 2944 479 2994; x_wconf 72' lang='lat' dir='ltr'><strong>statuisse</strong></span> <span class='ocrx_word' id='word_1_168' title='bbox 489 2942 597 2993; x_wconf 73' lang='lat' dir='ltr'><strong>orationi</strong></span> <span class='ocrx_word' id='word_1_169' title='bbox 607 2940 722 2992; x_wconf 67' lang='lat' dir='ltr'><strong>militemss</strong></span> 
     </span>
    </p>

    <p class='ocr_par' dir='ltr' id='par_1_15' title="bbox 264 3028 1018 3186">
     <span class='ocr_line' id='line_1_27' title="bbox 264 3028 1018 3096; baseline -0.008 -12"><span class='ocrx_word' id='word_1_170' title='bbox 264 3036 312 3084; x_wconf 77' lang='lat' dir='ltr'><strong>Ph.</strong></span> <span class='ocrx_word' id='word_1_171' title='bbox 329 3032 378 3084; x_wconf 82' lang='lat' dir='ltr'><strong>Sed</strong></span> <span class='ocrx_word' id='word_1_172' title='bbox 389 3032 506 3096; x_wconf 77' lang='lat' dir='ltr'><strong>quidhoc</strong></span> <span class='ocrx_word' id='word_1_173' title='bbox 516 3032 598 3096; x_wconf 73' lang='lat' dir='ltr'><strong>negoti</strong></span> <span class='ocrx_word' id='word_1_174' title='bbox 608 3034 665 3082; x_wconf 80' lang='lat' dir='ltr'><strong>est?</strong></span> <span class='ocrx_word' id='word_1_175' title='bbox 684 3030 825 3093; x_wconf 33' lang='lat' dir='ltr'><strong>mouovquae</strong></span> <span class='ocrx_word' id='word_1_176' title='bbox 836 3028 946 3081; x_wconf 78' lang='lat' dir='ltr'><strong>narravit</strong></span> <span class='ocrx_word' id='word_1_177' title='bbox 956 3029 1018 3079; x_wconf 87' lang='lat' dir='ltr'><strong>mihi</strong></span> 
     </span>
     <span class='ocr_line' id='line_1_28' title="bbox 268 3118 900 3186; baseline -0.008 -14"><span class='ocrx_word' id='word_1_178' title='bbox 268 3121 315 3172; x_wconf 87' lang='lat' dir='ltr'><strong>llic</strong></span> <span class='ocrx_word' id='word_1_179' title='bbox 324 3122 391 3173; x_wconf 84' lang='lat' dir='ltr'><strong>intus</strong></span> <span class='ocrx_word' id='word_1_180' title='bbox 400 3122 522 3173; x_wconf 78' lang='lat' dir='ltr'><strong>Bsochis?</strong></span> <span class='ocrx_word' id='word_1_181' title='bbox 538 3122 606 3186; x_wconf 81' lang='lat' dir='ltr'><strong>quod</strong></span> <span class='ocrx_word' id='word_1_182' title='bbox 614 3118 661 3185; x_wconf 82' lang='lat' dir='ltr'><strong>e&#39;go</strong></span> <span class='ocrx_word' id='word_1_183' title='bbox 672 3118 797 3184; x_wconf 77' lang='lat' dir='ltr'><strong>nunquam</strong></span> <span class='ocrx_word' id='word_1_184' title='bbox 808 3118 900 3169; x_wconf 81' lang='lat' dir='ltr'><strong>credidi</strong></span> 
     </span>
    </p>
   </div>
   <div class='ocr_carea' id='block_1_6' title="bbox 0 0 1272 3800">
    <p class='ocr_par' dir='ltr' id='par_1_16' title="bbox 0 0 1272 3800">
     <span class='ocr_line' id='line_1_29' title="bbox 0 0 1272 3800; baseline 0 0"><span class='ocrx_word' id='word_1_185' title='bbox 0 0 1272 3800; x_wconf 95' lang='lat' dir='ltr'><strong> </strong></span> 
     </span>
    </p>
   </div>
  </div>
 </body>
</html>
