2459 3800
443 496 557 547 ACTUS
571 498 602 546 V.
635 496 746 547 SGBNA
761 498 792 547 V.
974 502 1020 549 113
1062 460 1065 463 Ι

219 637 278 683 Par.
295 636 373 695 Here,
385 634 494 698 primum
505 642 531 683 te
541 634 667 697 arbitrari,
679 635 745 697 quod
756 650 795 685 ree
805 643 853 698 est,
864 632 938 686 velim
950 622 968 687 :f

213 722 337 787 Quicquid
347 726 421 785 huius
431 725 566 785 factumue,
578 724 652 787 culpa
662 739 713 773 non
725 725 852 775 fuctum'st
860 739 923 775 mea.

216 814 263 861 La.
280 813 368 867 Quid?
402 816 463 862 Par.
480 814 555 861 Recte
566 826 627 861 caue
637 813 810 875 interrogasti:
828 814 939 878 operuit

216 902 450 966 Rempraenarraene
462 916 510 951 me.
543 903 612 952 Emit
622 904 747 967 quendam
760 905 873 955 Phaedria
905 968 908 975 Ι

215 992 374 1051 Eunuchum,
396 1006 469 1054 quem
492 992 558 1042 dono
582 993 640 1043 huie
664 994 741 1049 daret·
783 997 831 1051 na.
849 994 915 1046 Cui?
959 998 1019 1044 Pur.

279 1080 378 1147 Thaidi.

216 1173 263 1219 ιιι
280 1170 368 1220 Emit?
387 1170 559 1234 periihercle!
577 1172 681 1235 quanti?
717 1176 777 1225 Pur.
794 1171 886 1235 Viginti
899 1173 982 1222 minin.
1050 1162 1053 1169 ’

217 1263 264 1307 La.
280 1262 411 1311 Actnm'eu
450 1265 511 1310 Pur.
526 1264 592 1311 Tum
612 1262 735 1325 quandam
756 1262 880 1315 fidicinam
897 1270 966 1312 *amat
981 1262 1021 1313 hie

282 1351 396 1405 Chaerea

216 1422 265 1491 La.
283 1443 363 1491 Hem!
386 1440 460 1503 quid?
484 1446 571 1493 amat?
594 1456 624 1492 au
645 1442 691 1492 ecit
709 1442 761 1503 jam
772 1441 816 1491 ille
833 1441 891 1505 quid
903 1440 1020 1491 meretrix

281 1529 347 1579 siet?

127 1676 130 1687 Ι
216 1621 256 1674 Au
267 1618 294 1667 in
303 1620 368 1669 Astu
379 1619 466 1670 venit?
486 1620 555 1669 alind
565 1634 596 1669 ex
608 1621 658 1669 alio
671 1620 778 1669 maium!
821 1672 823 1674 ,

217 1710 277 1756 Pur.
294 1710 371 1769 Here,
382 1723 466 1758 neme
478 1716 587 1772 spectes:
605 1724 646 1759 me
656 1709 790 1773 impulsore
801 1707 854 1757 haec
866 1721 914 1756 uon
922 1707 989 1757 facit.

215 1797 263 1845 La.
280 1796 451 1854 Omituedeae
462 1798 557 1848 dicere:
575 1813 621 1860 ego
632 1806 668 1860 te,
684 1797 798 1859 furcifer,

216 1885 243 1935 Si
254 1885 308 1936 rivo
320 1909 326 1938 ι
344 1886 388 1937 aed
399 1887 462 1938 istuc
473 1886 588 1952 quicquid
598 1895 646 1949 eet,
657 1886 766 1951 primum
777 1886 873 1951 expedi.

214 1978 276 2025 Par.
294 1978 318 2025 Is
329 1990 375 2040 pru
384 1975 428 2026 iilo
439 1978 561 2026 Eunucho
570 1977 601 2027 ad
612 1976 733 2028 Thaidem
745 1977 864 2026 deductus
873 1985 919 2027 eet.

215 2067 262 2114 La.
280 2066 329 2114 Pro
349 2066 511 2115 Eunuchcn'?
555 2068 616 2115 Par.
634 2066 675 2115 Sic
691 2073 744 2115 est:
768 2066 834 2116 huuc
857 2081 901 2129 pro
924 2067 1020 2117 moecho

278 2163 364 2219 posen

215 2245 430 2309 Comprehendere
440 2245 517 2306 intus,
529 2254 555 2295 et
565 2245 745 2296 constrinxere.
777 2248 826 2296 La.
843 2245 946 2296 Occidi!

215 2336 275 2382 Par.
291 2335 425 2385 Audaciam
434 2335 593 2384 meretricum
602 2343 691 2398 spectu.
726 2338 775 2384 Lu.
789 2334 916 2397 Numquid
927 2342 966 2383 est

214 2422 290 2473 Aliud
300 2424 360 2473 mali
369 2424 492 2484 damnive,
505 2423 571 2486 quod
582 2437 634 2472 uon
645 2423 748 2483 dixeris,

215 2514 346 2578 Reliquam
358 2517 368 2563 ἓ
406 2517 465 2565 Par.
480 2515 504 2562 T
504 2521 590 2564 autum
600 2521 647 2563 eet.
680 2517 727 2563 Lu.
741 2514 815 2564 Cesso
826 2514 875 2563 huc
885 2513 1021 2562 introrum-

277 2606 358 2666 pere?

214 2695 275 2741 Par.
292 2695 349 2741 Nou
361 2690 463 2742 dubium
477 2701 526 2755 eet,
546 2691 604 2756 quin
626 2691 688 2741 mihi
698 2705 814 2752 magnum
835 2701 868 2739 ex
887 2691 1023 2739 haeresia

280 2782 391 2830 maium:

214 2869 270 2919 Nini
280 2870 337 2933 quia
348 2885 447 2921 uoeeeae
458 2871 505 2921 fuit
515 2872 563 2921 hoc
575 2872 670 2921 facere:
686 2869 711 2920 id
720 2869 825 2932 gaudeo,

213 2961 317 3022 Propter
327 2973 367 3009 me
377 2959 445 3009 hisce
453 2959 546 3023 aliquid
556 2974 610 3009 esee
622 2966 768 3008 eventurum
777 2958 848 3006 malie

214 3050 278 3098 Num
285 3051 338 3111 jum
350 3049 393 3099 diu
403 3049 512 3114 aliquam
523 3064 623 3100 causam
634 3049 758 3112 querebat
768 3062 855 3109 senex,

213 3141 379 3222 Quamobrem
392 3139 486 3201 insigne
496 3139 590 3202 aliquid
601 3139 694 3188 faceret
704 3137 734 3187 iia
745 3157 751 3188 ι
769 3151 835 3197 nunc
845 3135 960 3200 repperit.

614 3243 621 3277 ι
