2459 3800
231 465 263 513 38
444 469 469 515 Ρ.
486 467 647 518 TERENTH
665 466 804 516 Atinam.

229 606 349 655 Miserum
380 605 523 670 impeditum
542 609 617 656 osse?
660 608 727 654 Dor.
759 606 794 654 At
817 602 869 665 iam
898 601 1035 666 expediam.

293 700 365 747 Pom.
374 683 522 760 Expediet?
557 699 623 745 Dae.
641 697 723 756 Certe,
733 693 868 757 Pamphile.

231 789 300 834 Pom.
318 789 412 850 Nempe
423 793 452 834 ut
463 786 544 835 modo.
577 788 644 835 Doo.
660 786 715 833 imo
734 783 926 845 melius,sper·o.
959 785 1034 831 Pom.

296 875 347 934 Oh,
359 875 405 924 tibi
416 889 461 936 ego
472 875 618 936 utoredam,
629 874 752 924 furcifer?
790 871 820 890 ’·
1000 936 1001 939 ¹

230 966 268 1013 Tu
290 977 342 1012 rem
366 963 507 1026 impeditam
526 971 551 1012 et
580 957 708 1027 perditam
721 961 859 1013 restituas?
889 963 963 1011 hem!
989 975 1037 1024 quo

295 1051 372 1100 frema
383 1051 456 1114 siem,

228 1139 278 1195 Qui
290 1155 329 1188 me
341 1139 414 1189 hodie
422 1155 453 1190 ex
464 1141 667 1204 tranquillissima
678 1155 706 1190 re
717 1139 844 1202 conjecisti
855 1140 882 1188 in
895 1139 1000 1203 ruptim.

229 1231 269 1276 An
292 1243 341 1278 non
361 1229 414 1278 dixi
433 1230 481 1278 hoo
500 1244 553 1280 esse
568 1231 701 1280 futurum?
745 1233 811 1279 Doo.
837 1231 914 1280 Dixti.
955 1233 1029 1278 Pom.

297 1317 362 1372 Quid
371 1317 492 1367 meritur?
527 1321 593 1367 Deo.
628 1321 740 1368 Crucem.
807 1329 810 1332 ’

233 1405 281 1455 Sed
293 1405 346 1455 aine
357 1408 483 1470 paululum
500 1407 531 1456 ad
548 1421 587 1456 me
599 1408 698 1457 redeam
712 1426 718 1456 :
732 1409 784 1469 jam
796 1407 888 1471 aliquid
899 1407 1033 1470 dispiciam.

297 1499 369 1546 Pom.
387 1497 435 1546 Hei
446 1497 525 1547 mihi!

235 1588 296 1635 Cum
306 1601 355 1636 non
370 1588 449 1636 habeo
461 1587 577 1651 spatium,
594 1595 624 1636 ut
632 1588 662 1636 de
680 1595 705 1636 te
724 1601 820 1636 sumam
837 1586 994 1650 supplicium,
1005 1593 1034 1634 ut

289 1676 374 1742 yolo?

233 1766 346 1824 Namque
356 1764 403 1813 hoo
418 1771 523 1828 tempus,
535 1779 672 1828 praecavere
685 1765 748 1815 mihi
759 1781 809 1828 me,
818 1767 879 1816 haut
897 1774 922 1815 te
939 1764 1033 1827 ulcisci,

297 1850 364 1903 sinit.

463 2276 574 2327 Aeros
590 2279 633 2326 ιν.
665 2266 774 2329 sormi
793 2281 813 2328 1.

393 2392 542 2441 Curemus,
576 2394 741 2442 Prmrrrrros.
773 2394 870 2442 Divos,
909 2388 912 2394 '

234 2506 349 2555 Hoccrr’
362 2511 399 2555 eat
408 2502 535 2568 credibile,
546 2514 588 2555 aut
600 2505 771 2567 memorabile,

229 2596 313 2644 'Prata
319 2594 435 2651 vecordia
443 2594 528 2645 innata
538 2594 653 2659 cuiquam
665 2572 694 2644 ut
704 2594 760 2656 siet,
802 2660 804 2662 ‚

232 2684 267 2733 Ut
277 2683 348 2733 malis
359 2683 490 2745 gaudeant,
501 2691 573 2745 atque
584 2698 615 2733 ex
626 2683 789 2733 incommodis

232 2774 340 2824 Alterius
351 2788 396 2825 aua
406 2782 549 2838 comparent
559 2781 588 2823 ut
599 2775 729 2824 commoda
741 2777 751 2823 ἓ
771 2774 802 2823 ah
814 2778 820 2823 t

227 2862 288 2912 ldne
299 2871 336 2912 est
346 2878 430 2912 verum
442 2866 451 2913 i
472 2865 526 2913 lmo
536 2863 563 2913 id
573 2870 610 2912 eat
620 2877 697 2925 genus
707 2862 836 2911 hominum
847 2864 990 2927 pessimum,

230 2952 259 2999 Ia
270 2950 410 3011 denegando
423 2950 497 3003 modo
506 2953 560 3016 quis
566 2952 646 3015 pudor
656 2952 783 3015 paululum
796 2953 879 3003 adest:
892 2970 895 2974 ·

231 3042 300 3102 Post,
313 3039 353 3090 ubi
362 3048 456 3105 tempus
465 3050 503 3092 est
512 3040 690 3107 promissoriam
699 3035 797 3107 perfici,
