2459 3800
237 477 267 530 ro
398 465 401 470 '
425 481 453 529 r.
469 479 629 529 manuru
646 442 845 530 ruuucuus

238 615 303 670 Quia
313 617 372 664 sola
381 625 484 666 utuntur
494 618 533 667 his
546 617 653 680 reginre3
671 617 776 680 repperi.

238 705 299 754 Heri
311 705 390 754 minas
399 706 482 767 viginti
494 722 538 770 pro
549 708 668 756 ambobus
679 707 744 755 dedi.

237 796 331 844 Tamen
342 803 479 844 contemtus
491 797 575 855 abste,
588 797 641 845 brec
650 796 727 845 habui
737 795 763 843 in
775 783 904 855 memoria,

218 885 221 894 '
235 883 274 933 Ob
301 883 429 932 haecfacta
442 886 520 932 abste
541 898 653 947 spernor.
689 887 734 934 Tb.
751 885 818 939 Quid
826 864 896 945 istic,
908 882 1040 932 Pboedria?

238 977 392 1032 Quamquam
402 971 470 1020 iilam
482 972 554 1034 cupio
562 972 693 1035 abducere,
703 982 775 1036 atquc
785 975 831 1023 hac
842 988 870 1022 re
880 972 987 1022 arbitror

237 1060 266 1108 'td
278 1060 333 1108 freti
341 1074 412 1122 posse
423 1075 538 1110 maxume
550 1082 555 1110 ι
573 1071 753 1124 verumtamen,

238 1149 323 1199 Potius
335 1164 408 1211 quam
416 1158 441 1200 te
449 1151 575 1201 inimicum
585 1153 701 1213 habeam,
713 1154 800 1202 tactam
809 1161 838 1202 ut
846 1151 958 1214 jumeris.

237 1240 285 1286 Pa.
304 1237 407 1288 Utinam
417 1239 479 1288 istuc
491 1240 634 1289 verbumex
642 1241 726 1290 animo
736 1257 765 1290 ac
773 1256 829 1290 vere
839 1242 943 1302 diceres,

237 1325 323 1376 Potius
334 1341 407 1389 quam
419 1335 444 1376 tc
451 1327 578 1376 inimicum
588 1328 692 1378 habeam
706 1351 712 1380 s
731 1329 751 1379 si
762 1329 826 1379 istuc
836 1330 961 1379 crederem

240 1415 340 1465 Sincere
352 1416 411 1478 dici,
423 1417 517 1478 quidvis
528 1433 626 1482 posrem
634 1419 735 1482 perpeti.

238 1508 299 1555 Pur.
317 1509 437 1568 Labascit,
450 1510 528 1559 victus
539 1524 589 1558 uuo
600 1510 685 1570 verbo,
697 1507 846 1571 quamcito!

240 1597 286 1644 Ta.
303 1597 355 1658 Ego
368 1613 418 1646 non
428 1613 460 1647 ex
471 1599 554 1647 animo
565 1599 655 1648 misera
664 1598 739 1647 dico?
752 1600 830 1659 ‘quam
838 1599 896 1658 joco

238 1685 301 1733 Rem
311 1686 433 1736 voluistia
445 1701 484 1736 me
495 1687 605 1747 tandem,
616 1673 675 1750 quin
688 1685 818 1749 perfeceris
829 1687 840 1733 ἓ

156 1837 159 1844 Ι
239 1775 291 1836 Ego
303 1775 433 1838 impetrare
444 1792 537 1840 nequeo
547 1775 595 1826 hoc
610 1778 653 1825 abs
663 1783 699 1837 te,
711 1775 812 1824 biduum

239 1865 332 1915 Saltem
342 1872 371 1915 ut
379 1865 497 1916 concedas
505 1867 596 1916 solum.
631 1867 676 1913 Pb.
693 1863 818 1927 Siquidem
828 1862 944 1913 biduumr
1041 1902 1045 1906 ,

239 1954 331 2001 Verum
342 1969 375 2003 ne
385 1955 446 2003 fiant
454 1955 494 2003 isti
505 1955 589 2016 viginti
602 1955 662 2003 dies.

242 2041 287 2089 rr.
305 2043 420 2093 Profecto
441 2058 500 2101 non,
512 2045 567 2108 pus
587 2043 761 2104 usurumque
792 2045 841 2091 ru
868 2043 941 2092 aas?
971 2023 1034 2091 niun

311 2144 404 2179 moror.

242 2226 287 2272 Ta.
306 2224 430 2271 Nuntiet:
449 2222 496 2271 hoc
510 2222 585 2271 modo
595 2222 649 2271 siue
660 2230 684 2271 te
696 2237 806 2272 exorem.
840 2225 889 2270 Pa·
903 2220 1012 2281 Scilicet,

238 2311 423 2362 Faciundum’st
439 2311 505 2373 quod
524 2310 568 2359 vis.
604 2312 649 2359 Th.
666 2312 758 2360 Merito
776 2318 875 2361 amore.
909 2313 955 2368 Pd-
970 2311 1038 2359 Bene

305 2401 373 2451 iacis.

238 2493 289 2541 Rus
300 2490 341 2540 ibo
352 2511 358 2539 ι
376 2490 409 2539 ibi
420 2490 468 2539 hoc
476 2504 516 2539 me
526 2489 654 2539 macerabo
663 2488 780 2538 biduum:

240 2582 279 2629 lta
288 2582 367 2629 facere
379 2578 521 2629 certum'st:
539 2592 592 2627 mos
604 2578 746 2638 gerundn’st
756 2576 854 2626 Thaidi.

238 2673 289 2731 Tu,
297 2672 429 2730 Parmeno,
440 2670 489 2717 huc
499 2669 537 2718 fao
549 2669 587 2717 illi
597 2668 756 2717 adducantur.
789 2670 850 2719 Pur.
865 2667 991 2729 Maxume·

149 2816 153 2824 Ι
239 2761 286 2807 Pa.
304 2760 331 2807 In
341 2760 387 2808 hoc
396 2758 509 2818 biduum,
520 2756 607 2818 Thais,
619 2757 679 2805 vale.
716 2758 761 2803 Tb.
777 2755 815 2804 Mi
827 2754 948 2814 Phredriu,

152 2916 155 2920 Ι
238 2851 271 2898 Et
282 2856 317 2897 tu.
329 2847 456 2909 Numquid
465 2847 501 2896 ris
512 2846 594 2896 aliud?
627 2848 674 2895 Pa.
685 2846 770 2906 agone
780 2843 839 2907 quid
849 2844 941 2912 veiim?

241 2938 304 2987 Cum
318 2935 396 2985 milite
407 2935 453 2985 isto
465 2936 584 2999 praes'ens,
596 2936 684 3000 absens
691 2941 719 2983 ut
729 2934 792 2982 sies:

239 3027 297 3076 Dies
308 3034 438 3089 noctesque
450 3040 490 3075 me
500 3040 580 3075 ames:
599 3040 639 3073 me
648 3024 787 3074 desideres:

242 3116 422 3166 Mc'somnies:
441 3131 480 3166 rue
489 3122 612 3179 exspectes
625 3111 633 3166 i
649 3114 679 3163 de
691 3127 729 3162 ure
736 3112 846 3175 cogites:
