2459 3800
231 440 277 488 lto
316 442 344 489 Ρ.
360 441 522 490 TERENTII
540 441 973 494 HEAUTONTIMORUMENOS.

225 583 285 634 Quae
296 579 337 628 hie
348 594 433 630 sumus
444 581 529 630 locuti.
565 581 658 643 Clinia,
678 580 750 631 aliter
766 588 837 632 tuum
854 596 975 644 amorem,
992 588 1031 630 at·

296 684 343 733 que
353 678 401 732 eet,
411 671 499 736 aecipis
510 691 516 720 ι
537 701 541 706 ·

224 764 290 811 Nam
300 770 327 810 et
335 761 418 811 vitu’st
427 761 524 821 eadem,
535 768 561 810 et
570 762 667 810 animus
678 769 703 810 te
713 775 771 823 ergo
783 759 848 810 idem
859 774 888 809 ae
899 760 963 822 fuit3

226 854 352 906 Quantum
363 865 395 898 ex
406 848 459 913 ipsa
470 864 498 898 re
505 852 674 911 conjecturem
686 849 803 913 cepimus.

227 940 289 989 ctis.
306 938 372 994 Quid
382 946 421 989 est
430 940 551 988 obsecro?
568 953 627 988 nam
645 939 706 988 mihi
723 953 789 988 nune
806 938 869 988 nihil
882 952 964 988 rerum
976 952 1030 987 om·

290 1028 403 1088 nium’st,

227 1117 299 1174 Quod
309 1118 405 1179 malim,
416 1132 490 1180 quam
502 1133 542 1167 me
553 1118 600 1167 hoe
610 1118 674 1166 falso
683 1117 837 1181 suspicerier.

227 1209 270 1270 Sy.
288 1209 342 1256 Hoc
354 1207 471 1270 primum,
484 1216 511 1256 ut
520 1222 552 1256 ne
563 1207 623 1269 quid
635 1209 710 1269 hujus
723 1210 805 1256 rerum
817 1208 916 1270 ignores
927 1228 935 1271 ;
953 1222 1015 1258 anus

227 1297 289 1350 Quae
300 1304 338 1346 est
348 1296 414 1345 dieto
425 1306 503 1346 mater
514 1311 568 1346 esse
581 1296 604 1346 ei
615 1297 730 1358 antehae,
739 1312 789 1346 non
802 1297 850 1346 fuit
861 1319 866 1348 :

226 1387 264 1436 Ea
274 1386 337 1435 obiit
345 1394 465 1436 mortem:
483 1387 531 1436 hoc
543 1385 633 1450 ipsein
645 1386 733 1436 itinere
744 1388 829 1436 alterae

231 1478 297 1524 Dum
309 1484 403 1536 narret,
415 1477 480 1525 torte
492 1476 582 1524 audivi.
619 1477 675 1524 0111.
693 1477 846 1529 Quoenem’st
855 1475 950 1524 alters?

227 1567 270 1626 Sy.
287 1567 381 1616 Manet
400 1567 449 1616 hoe
459 1567 524 1628 quod
532 1565 605 1630 eoepi,
618 1566 724 1629 primum
734 1579 857 1626 enarrem,
872 1565 1000 1630 Clitiphos

227 1655 298 1716 Post,
308 1653 371 1706 istuc
382 1656 487 1704 venium.
514 1657 571 1705 cus.
588 1657 703 1718 Propera.
732 1658 775 1718 Sy.
791 1657 849 1705 Jnm
860 1655 967 1718 primum
977 1651 1035 1706 oin-¹

294 1743 373 1804 nium,

228 1831 279 1883 Ubi
290 1840 390 1882 ventum
401 1832 432 1882 ad
443 1833 503 1882 aedis
514 1840 562 1894 eet,
574 1835 670 1883 Dromo
681 1836 761 1898 pultat
771 1835 852 1884 iores:

221 1921 292 1970 Anus
304 1923 414 1985 quedam
424 1923 522 1985 prodit:
540 1924 593 1973 haec
605 1924 647 1974 ubi
658 1925 754 1987 aperuit
764 1924 868 1987 ostium,

225 2012 350 2061 Continuo
361 2012 401 2061 hie
413 2026 440 2061 se
450 2013 557 2074 coniecit
568 2013 650 2063 intro:
668 2029 713 2076 ego
724 2029 869 2077 consequor.

225 2104 295 2152 Anus
304 2093 399 2150 foribus
410 2102 479 2151 obdit
488 2104 615 2166 pessulum
627 2124 634 2153 ι
653 2103 684 2151 ad
695 2104 778 2152 lanam
789 2103 862 2153 redit

227 2194 292 2243 Hine
302 2192 360 2241 seiri
373 2193 463 2255 potuit,
474 2202 517 2243 aut
528 2208 651 2256 nusquam
663 2192 732 2254 alibi,
746 2194 837 2255 Clinia,

228 2286 285 2339 Quo
296 2282 378 2331 studio
389 2283 464 2331 vitam
475 2296 546 2331 susm
558 2291 583 2332 te
594 2284 697 2331 absente
708 2281 826 2343 exegerit,

225 2373 275 2423 Ubi
285 2372 317 2420 de
326 2371 459 2433 improviso
470 2380 508 2421 est
518 2371 683 2420 interventum
694 2370 792 2420 mulieri
803 2390 809 2419 z

224 2464 289 2510 Nem
303 2474 333 2509 ea
342 2474 382 2510 res
393 2459 462 2510 dedit
472 2467 525 2509 tum
536 2458 708 2509 existumandi
719 2460 815 2523 copiam

226 2549 362 2599 Cotidiano
372 2550 428 2598 vitae
440 2549 646 2597 consuetudinem
657 2569 663 2597 ι

228 2642 301 2700 Quae,
312 2640 430 2702 cuiusque
440 2638 566 2701 ingenium
578 2646 606 2688 ut
614 2637 658 2699 sit,
673 2638 782 2689 declaret
795 2652 918 2688 maxume.

226 2729 363 2777 Texentem
374 2730 450 2777 telam
462 2727 570 2777 studiose
580 2728 658 2791 ipsam
671 2726 837 2789 offendimus.;

224 2816 386 2866 Mediocriter
396 2815 511 2865 vestitam
523 2824 589 2865 veste
599 2816 709 2877 lugubri,

226 2908 287 2968 Ejus
297 2906 368 2955 anuis
378 2920 463 2967 causo,
473 2906 572 2970 opinor,
585 2920 639 2969 quse
651 2913 704 2954 erat
716 2913 814 2953 mortua
824 2926 830 2955 ι

226 2996 286 3045 Sine
298 3010 360 3044 auro
370 3002 424 3045 tum
435 3004 559 3057 ornatum,
571 2996 607 3045 ita
617 2994 655 3045 uti
666 3010 720 3055 quse
731 3003 850 3045 ornantur
861 2993 908 3045 sibi
920 3012 925 3043 ι

229 3086 305 3133 Nullo
316 3086 381 3134 mula
393 3099 420 3133 re
430 3100 484 3135 esse
493 3087 629 3149 expolitam
639 3084 768 3136 muliebris
