2459 3800
451 1053 741 1114 PROLOGUS.

195 1349 238 1394 Ne
255 1343 296 1394 oui
306 1342 339 1394 sit
348 1351 459 1394 vostrum
470 1343 572 1407 mirum,
583 1359 629 1396 eur
641 1345 717 1409 partis
729 1347 782 1396 seni
889 1411 893 1416 Ι

195 1439 275 1485 Poeta
284 1433 390 1495 dederit,
401 1449 456 1496 quae
466 1441 525 1493 aunt
536 1435 742 1499 adolescentium,

197 1524 226 1583 ld
242 1523 350 1586 primum
361 1522 458 1573 dicam:
477 1522 575 1585 deinde,
586 1524 653 1586 quod
664 1525 731 1586 veni,
742 1526 852 1590 eloquar.

195 1617 235 1664 Ex
244 1609 341 1676 integra
351 1615 448 1674 Grmca,
459 1614 581 1676 integram
591 1616 739 1666 comoediam

195 1703 276 1753 Hodie
287 1718 343 1754 sum
355 1711 455 1753 aemma
466 1704 783 1756 Heautontimorumenos:

196 1795 293 1857 Duplex
304 1807 358 1856 que
367 1807 400 1842 ex
411 1801 559 1854 argumento
569 1793 634 1842 faeta
644 1802 682 1843 est
693 1793 806 1858 simplici.

196 1886 293 1934 Novam
303 1898 357 1934 esse
365 1883 474 1945 ostendi,
485 1891 511 1933 et
521 1897 576 1946 qum
585 1890 666 1935 esset:
686 1900 752 1934 nune
763 1883 805 1948 qui
817 1883 951 1948 scripserit,

196 1974 230 2021 Et
240 1974 296 2034 cuja
306 1974 393 2021 Grmca
399 1972 443 2033 sit,
455 1972 482 2021 ni
492 1981 588 2036 partem
599 1972 734 2023 maximam

197 2062 372 2112 Existimarem
383 2062 446 2112 seire
456 2072 578 2123 vostrum,
588 2062 615 2111 id
625 2062 741 2113 dicerem.

198 2155 282 2213 Nune,
294 2154 455 2215 quamobrem
467 2152 512 2201 has
524 2153 600 2215 partis
610 2151 749 2213 didicerim,
761 2152 843 2216 paucis
855 2153 935 2204 dabo:

198 2241 331 2290 Oratorem
342 2254 397 2289 esse
407 2239 488 2289 voluit
500 2254 550 2300 me,
562 2254 614 2289 non
627 2241 774 2303 prologum:

197 2330 315 2379 Vostrum
322 2328 443 2390 judicium
453 2328 525 2377 fecit:
543 2343 584 2377 me
596 2337 707 2378 actorem
721 2329 797 2379 dedis

199 2418 248 2467 Sed
259 2417 300 2465 hic
311 2424 380 2465 actor
389 2424 487 2465 mutum
498 2417 616 2479 poterita
628 2416 754 2475 facundia,

199 2509 325 2562 Quantum
335 2505 380 2553 ille
390 2504 471 2567 potuit
485 2504 593 2565 cogitare
603 2503 745 2564 commode,

167 2600 170 2607 '
200 2594 249 2651 Qui
261 2594 399 2643 orationem
410 2594 475 2642 hanc
485 2592 593 2655 scripsit,
602 2606 675 2654 quam
688 2591 798 2640 dicturus
810 2606 872 2641 aum.

201 2685 266 2731 Nam
277 2680 344 2743 qraod
354 2694 466 2729 rumores
477 2680 626 2729 distulerunt
635 2678 760 2738 malevoli,

202 2772 295 2827 Multas
305 2768 486 2819 contaminasse
497 2770 606 2827 Graecas,
616 2767 676 2816 dum
688 2766 746 2815 fecit

203 2862 296 2909 Paucas
308 2857 422 2908 Latinas:
440 2856 533 2905 factem
544 2855 585 2904 hie
595 2869 650 2905 esse
660 2854 686 2903 id
697 2869 746 2903 non
758 2861 842 2917 negat,

204 2950 290 3010 Neque
301 2961 329 2995 ae
336 2946 434 3010 pigere:
452 2950 478 2993 et
487 2944 576 2993 deinde
586 2944 711 2993 faetmmm
723 2951 842 2994 autumat.

204 3038 286 3087 Habet
294 3038 417 3089 bonorum
427 3035 585 3098 exemplum:
602 3047 652 3096 quo
663 3034 777 3096 exemplo
789 3032 835 3083 sibi
