2459 3800
397 477 507 528 ACTUS
524 478 554 526 V.
587 476 695 526 scuNA
708 478 764 527 vu.
933 480 983 529 347

181 618 240 668 uin·
252 621 298 669 tu?
319 619 359 668 ubi
372 635 471 683 peregre
483 620 527 670 ubi
539 620 606 682 quod
616 621 724 668 lubitum
737 619 889 681 fuitfeeeris,

182 708 268 770 Neque
278 709 351 769 hujus
363 709 396 757 sis
408 708 498 758 veritus
507 709 606 757 feminea
618 708 751 771 primaria,

180 797 247 851 Quin
259 812 324 846 novo
336 797 410 846 modo
420 797 442 845 ei
451 799 543 846 faceres
554 796 732 858 contumelias3
822 816 825 821 ·

181 885 271 934 Venias
283 901 348 934 nunc
360 886 473 949 precibus
483 887 578 934 lautum
591 892 718 948 peccatum
728 887 820 934 tuum?

183 973 256 1022 Hisce
268 987 313 1035 ego
325 974 394 1022 illam
405 974 476 1023 dictis
489 975 522 1022 ita
533 973 577 1022 tibi
587 974 713 1022 incensam
723 974 798 1033 dabo,

181 1063 217 1111 Ut
226 1076 257 1110 ne
268 1061 413 1122 restinguas,
426 1060 543 1110 lacrumis
557 1061 577 1110 si
588 1061 758 1110 exstillaveris.

180 1153 228 1200 De.
245 1153 352 1211 Malum,
364 1152 429 1215 quod
440 1152 480 1201 isti
493 1151 524 1199 Di
535 1153 642 1212 Deaeque
650 1165 735 1198 omncs
746 1149 830 1198 duint!
887 1184 890 1190 .

177 1240 289 1288 Tantane
300 1241 414 1288 affectum
425 1252 572 1302 quemquam
583 1252 637 1286 esse
649 1238 774 1286 hominem
785 1237 887 1285 audacia
902 1241 912 1285 ?

180 1330 269 1376 Nonne
280 1329 328 1376 hoe
339 1328 470 1390 publicitus
481 1328 560 1376 scelus
573 1327 631 1374 hinc
639 1325 792 1387 deportarier

180 1418 285 1465 Insulas
296 1410 376 1466 terras
387 1419 398 1465 ἓ
437 1419 479 1465 cu.
498 1419 526 1466 In
539 1415 563 1464 id
575 1415 688 1466 redactus
701 1429 755 1463 sum
767 1415 827 1474 loci,

181 1506 227 1567 Ut,
248 1505 305 1568 quid
324 1519 394 1568 agam
414 1520 470 1554 cum
494 1505 549 1565 illo,
573 1503 681 1552 nesciam
702 1518 825 1565 prorsum.
858 1505 904 1550 De.
928 1503 980 1563 Ege

245 1595 313 1644 scio:

180 1684 258 1744 injus
270 1698 363 1732 eamus.
397 1686 442 1732 Ph.
461 1685 488 1732 lu
499 1685 556 1744 jus!
576 1683 636 1743 huc,
646 1683 667 1732 si
678 1683 737 1745 quid
749 1683 826 1730 lubet.

179 1775 227 1821 De.
244 1771 382 1834 Assequere
393 1787 422 1821 ac
434 1770 523 1831 retine,
536 1772 595 1820 dum
607 1786 652 1830 ego
665 1772 712 1820 huc
725 1784 807 1820 servos
818 1783 903 1818 evoco.

184 1859 226 1909 Oh.
243 1861 342 1910 Etenim
361 1861 429 1909 solus
452 1874 563 1922 nequeo:
582 1848 682 1909 accurre
703 1860 759 1909 huc.
792 1860 838 1907 Pu.
864 1859 922 1909 Uua
943 1856 983 1905 in-

240 1949 339 2009 juria'st

178 2037 280 2086 Tecum.
315 2039 358 2086 ou.
383 2040 445 2100 Lege
463 2038 528 2099 agito
549 2050 616 2099 ergo.
658 2039 704 2086 Ph.
726 2038 813 2085 Altera
834 2042 981 2094 esttecum,

245 2127 359 2175 Chreme.

177 2218 224 2265 Dc.
250 2217 317 2279 Rape
337 2217 411 2265 hunc·
455 2218 502 2265 Plu.
527 2217 596 2265 Itane
617 2214 709 2276 agitis?
740 2213 866 2263 enimvero
887 2214 979 2262 roce’st

244 2319 321 2369 opus:

178 2392 342 2452 Nausistrata,
351 2391 400 2440 exi.
436 2394 478 2441 Ch.
496 2393 532 2442 Os
551 2390 669 2453 opprime.
703 2392 897 2452 De.1mpurum
914 2388 980 2447 ride,

178 2483 303 2535 Quantum
330 2481 413 2529 valet!
456 2483 503 2529 Pu.
521 2479 686 2540 Nausistrata,
708 2480 817 2541 inquam·
852 2479 895 2526 Ch.
921 2479 978 2525 Non

242 2570 325 2618 taces?

176 2662 223 2708 Ph.
240 2660 363 2709 Taceam?
397 2661 445 2709 De.
463 2658 517 2709 Nisi
527 2659 648 2721 sequitur,
660 2671 755 2721 pugnos
774 2656 799 2705 in
818 2662 927 2705 ventrem
939 2655 978 2703 in-

245 2762 310 2810 gere.

175 2839 221 2885 Ph.
239 2839 281 2886 Vel
293 2838 391 2887 oculum
403 2836 520 2887 exclude:
538 2844 586 2897 esu,
598 2836 641 2885 ubi
651 2849 695 2885 vos
705 2832 820 2893 ulciscar,
829 2833 906 2881 locus.
