2459 3800
256 452 302 499 130
336 453 365 499 P.
380 451 540 500 'OERENTII
559 450 994 503 HEAUTONTIMORUMENOS.

252 591 357 653 Fodere,
369 600 412 641 aut
419 607 500 654 arare,
512 602 555 642 aut
565 593 659 656 aliquid
670 594 751 643 ferre:
769 592 875 656 denique

251 683 355 731 Nullum
367 682 473 733 remittis
482 692 595 747 tempus3
613 697 692 746 neque
703 691 728 732 ιε
740 660 849 746 respicis.

252 773 311 819 Hac
322 786 373 821 non
385 774 504 835 voluptati
515 772 560 822 tibi
571 787 634 834 ease,
645 772 703 822 satis
715 780 782 821 certo
792 772 855 821 scio:

249 860 284 908 At
295 859 362 908 enim
374 860 449 920 dices,
459 869 576 923 quantum
587 861 628 910 hic
640 861 720 925 operis
732 861 784 921 fiat,
797 860 908 924 poenitet.

249 948 322 1003 Quod
334 949 359 997 in
370 964 445 1012 opere
455 951 571 999 faciundo
582 965 661 1014 operae
671 950 795 1000 consumis
805 958 865 1011 tum,

250 1038 277 1086 si
289 1052 371 1087 summ
382 1039 470 1089 inillis
480 1042 632 1101 exercendis,
644 1042 699 1104 plus
710 1055 777 1102 agas.

247 1129 315 1176 Meo.
333 1129 449 1189 Chreme,
460 1138 589 1179 tantumne
600 1138 638 1180 est
649 1132 679 1179 ab
690 1145 717 1179 re
727 1139 771 1180 tua
781 1130 826 1180 otii
837 1130 892 1193 tibi,

246 1216 337 1266 Aliena
348 1226 376 1267 ut
386 1234 457 1269 cuneo
468 1241 476 1282 3
493 1235 581 1283 eaque,
593 1220 655 1269 nihil
667 1237 720 1284 quae
733 1222 763 1270 ad
774 1228 799 1271 te
809 1221 936 1271 attinent?

250 1309 294 1357 Ga.
312 1311 394 1358 Homo
406 1325 459 1359 sum
470 1332 475 1361 :
493 1311 596 1359 humani
608 1312 671 1359 nihil
682 1326 697 1359 a
707 1326 747 1360 me
758 1312 866 1361 alienum
877 1320 945 1375 puto.

247 1399 295 1446 Vel
306 1413 346 1447 me
356 1414 457 1448 monere
466 1401 523 1458 hoc,
534 1400 574 1449 vel
584 1401 723 1463 percontari
733 1408 800 1464 puta.

246 1489 392 1549 Reotum’st‚
402 1503 447 1550 ego
459 1497 487 1538 ut
497 1490 583 1538 faciam
593 1510 599 1538 ι
619 1504 668 1538 non
678 1498 726 1550 est,
736 1498 761 1539 te
771 1499 799 1539 ut
810 1490 955 1540 deterream.

246 1578 314 1625 Mea.
330 1578 395 1626 Mihi
406 1579 441 1627 oie
452 1587 490 1629 est
501 1594 574 1628 usmz
593 1578 639 1627 tibi
648 1587 675 1628 ut
686 1594 747 1641 opus
760 1580 871 1641 factam,
881 1582 943 1629 face.

248 1666 292 1714 oa.
310 1668 350 1715 An
369 1668 482 1730 cuiquam
494 1677 532 1717 est
551 1683 610 1717 usus
626 1668 733 1728 homini,
753 1683 779 1718 se
790 1676 819 1717 ut
837 1669 948 1718 cruciet?
984 1672 1052 1720 Met.

311 1756 384 1805 Mihi.

250 1847 294 1893 Ch.
310 1845 338 1895 Si
349 1845 408 1909 qnid
419 1846 509 1895 laboris
520 1854 568 1907 est,
580 1848 673 1909 nollem
683 1867 688 1896 ι
708 1847 750 1897 sed
761 1848 820 1912 quid
831 1848 893 1901 istoc
905 1849 1019 1912 meliosi,

245 1936 356 1989 Quaeso?
376 1935 615 1997 quiddetetantum
628 1937 760 1987 meruisti?
797 1941 864 1988 Mea.
880 1941 958 1988 Eheu.
1055 1953 1060 1961 ·

246 2025 289 2074 Gi.
307 2027 346 2074 Ne
363 2026 491 2087 lacruma3
515 2033 587 2088 atque
609 2026 682 2087 istuc,
701 2025 815 2089 quicquid
833 2034 880 2088 est,
903 2028 941 2077 fae
962 2043 1001 2078 me
1022 2037 1050 2079 ut

306 2115 397 2164 sciam:

243 2207 282 2252 Ne
293 2205 382 2254 retice:
400 2219 431 2253 ne
441 2219 525 2254 verere
536 2225 541 2254 ι
559 2206 643 2267 crede,
654 2206 765 2269 inquam,
777 2208 849 2268 mihi,

241 2296 293 2344 Aut
301 2294 463 2356 consolando,
474 2303 517 2344 aut
527 2295 643 2356 consilio,
653 2305 695 2346 aut
703 2311 730 2346 re
735 2299 830 2358 Juvero.

242 2386 309 2433 Mea.
326 2384 394 2434 Scire
402 2385 451 2434 hoc
462 2384 498 2434 via
510 2387 519 2433 i
552 2386 595 2434 ca.
607 2387 660 2434 Hac
670 2385 768 2448 quidem
777 2399 860 2447 cauea,
869 2399 917 2448 qua
928 2385 980 2435 dixi
994 2387 1047 2436 tibi.

240 2476 308 2522 Meo.
325 2473 434 2523 Dicetur.
470 2475 514 2522 oa.
532 2475 596 2523 Istos
604 2481 699 2522 rastros
714 2474 809 2524 interea
819 2483 902 2524 tamen
970 2509 980 2519 -,
1048 2509 1050 2518 .

134 2557 141 2564 ’
242 2563 363 2627 Adpone:
391 2578 422 2612 ne
443 2563 537 2612 labora.
580 2565 648 2614 Men.
671 2562 784 2612 Minime.
831 2565 874 2613 Ch.
892 2565 973 2618 Quam
994 2578 1047 2614 rem

304 2652 376 2714 agie?
527 2658 532 2664 ⁴
733 2705 735 2708 .

238 2747 305 2793 Men.
323 2743 383 2794 Sine
394 2742 503 2793 vacivom
513 2749 610 2804 tempus
621 2754 653 2790 ne
664 2740 729 2803 quod
740 2741 795 2791 dem
805 2741 872 2790 mihiv
908 2777 910 2786 .
934 2770 937 2774 -

231 2815 352 2882 Laboris.
380 2834 424 2882 Oa.
436 2833 494 2882 Non
504 2830 595 2890 sinam,
606 2829 719 2892 inquam.
746 2832 813 2881 Meta
827 2832 877 2892 Ah,
888 2845 937 2880 non
948 2845 1044 2895 aequom
1063 2873 1065 2880 ,

303 2921 373 2970 facia.

239 3011 282 3058 Ga.
302 3009 363 3069 Hui,
383 3017 434 3058 tam
453 3007 534 3070 gravia
546 2975 604 3070 iios,
616 3011 719 3070 quaeso?
755 3010 821 3058 Meo.
839 3008 879 3058 sic
897 3008 1066 3059 meritum’st.

299 3111 392 3146 meum.
