2459 3800
385 473 497 528 Actus
511 471 548 528 11.
580 474 692 529 scutit
707 472 771 526 iil.⁴
924 475 974 526 ³17

170 617 255 670 Potius
266 633 340 682 quam
349 619 407 670 liter
418 627 507 682 secter,
518 625 561 670 aut
569 634 644 682 quum
654 630 679 670 te
688 617 797 681 audiam,
885 602 888 607 ¹

167 710 255 760 Itidem
267 716 295 758 ut
306 717 410 771 cognatu
421 709 441 758 si
451 710 494 770 eit,
507 709 533 758 id
547 711 614 772 quod
626 710 667 759 lex
675 711 747 771 jubet

170 801 261 848 Dotem
267 798 336 860 dure,
348 798 442 849 abduce
453 799 530 847 hanc:
549 798 630 848 minue
641 799 748 862 quinque
759 797 849 861 accipe.

101 869 104 874 Α
171 889 219 936 Pu.
237 887 373 949 Huhehe,
384 887 565 937 homosuuvis!
588 890 638 937 De.
655 886 783 943 Quidest'?
800 883 978 950 numiniquom

242 979 362 1041 postulo?

174 1069 215 1116 An
226 1081 258 1115 ne
268 1066 316 1115 hoc
327 1065 425 1128 quidem
437 1064 558 1128 adipiscar
567 1078 624 1126 ego,
636 1064 702 1128 quod
709 1067 750 1127 jtte
762 1065 939 1129 publicum'et?

175 1157 223 1206 Ph.
240 1156 311 1205 Itane
321 1155 420 1204 tandem
433 1167 528 1218 quoeso,
539 1154 599 1204 item
610 1161 639 1204 ut
654 1152 809 1206 meretricem
827 1153 870 1206 ubi
889 1156 980 1205 abusus

242 1244 286 1306 eie,

177 1335 318 1385 Mercedem
328 1333 387 1383 dare
398 1333 439 1382 lex
449 1333 521 1395 jubet
530 1333 564 1394 ei,
576 1341 649 1396 atque
661 1332 789 1382 emittere?
809 1347 851 1392 un,

180 1426 216 1475 Ut
228 1422 325 1486 nequid
336 1430 406 1485 turpe
416 1421 475 1472 civit
486 1421 512 1471 in
524 1436 551 1470 ee
563 1422 707 1471 admitteret

178 1514 283 1575 Propter
293 1517 436 1572 egestatem,
449 1524 573 1575 proxumo
582 1512 684 1571 jusm’st
693 1511 763 1574 dari3

180 1603 216 1654 Ut
226 1616 283 1651 cum
292 1615 343 1650 uno
356 1609 453 1650 aetatem
465 1600 584 1662 degeret?
603 1600 670 1662 quod
681 1607 709 1649 tu
719 1608 796 1650 vetas.

180 1692 228 1740 De.
247 1693 294 1750 lte,
306 1703 428 1752 proxumo
436 1687 550 1750 quidem:
567 1689 742 1738 atnoeunde?
759 1689 987 1751 autquumobrem?

248 1779 293 1826 Pk.
308 1777 378 1836 ohe,
760 1832 762 1836 Ι

180 1869 283 1927 Actum,
295 1865 374 1926 ciunt,
386 1877 417 1913 nc
429 1875 494 1926 aput.
526 1867 576 1914 De.
594 1865 653 1913 Non
673 1867 765 1927 agam?
784 1864 862 1915 immo
873 1866 934 1915 haut
943 1864 987 1916 de·

249 1953 339 2015 sinam,

125 2096 129 2101 ,
185 2043 270 2092 Donec
285 2042 411 2105 perfecero
422 2042 478 2090 hoc.
512 2041 560 2091 Pu.
578 2040 679 2105 Ineptic.
713 2044 761 2092 De.
778 2041 838 2093 Siue
856 2042 938 2093 modo.

186 2134 233 2181 Pu.
252 2133 379 2181 Postremo
390 2139 472 2179 tecum
481 2128 544 2179 nihil
557 2130 592 2179 rei
600 2130 682 2193 nobie,
694 2121 826 2195 Demipho,
838 2141 892 2184 eet:

186 2222 257 2271 Tuus
268 2228 305 2270 eet
316 2220 446 2271 damnatus
455 2228 552 2282 gnatus,
564 2235 613 2271 non
624 2229 666 2271 tu:
685 2235 743 2271 num
753 2230 796 2271 tue
863 2206 866 2212 ¹

187 2310 398 2371 Proeterierutjam
410 2309 589 2359 adducendum
602 2322 671 2360 aetm.
703 2313 752 2360 De.
770 2310 863 2361 Omnia
874 2313 926 2361 huc

193 2401 269 2451 illum
281 2408 374 2463 putato,
384 2416 439 2463 quoe
449 2415 494 2461 ego
505 2414 571 2448 nunc
582 2399 648 2459 dico,
660 2400 756 2449 dicere:
816 2414 826 2430 ·

191 2489 348 2553 Autquidem
359 2505 415 2540 cum
426 2505 505 2539 uxore
515 2491 562 2539 huc
574 2489 654 2551 ipsum
666 2490 802 2554 prohibebo
813 2488 897 2538 domo.
975 2480 978 2488 '

193 2580 236 2629 Ge.
254 2580 332 2627 iratus
343 2584 389 2627 eut.
422 2581 470 2627 Pu.
487 2583 554 2630 Tute
563 2580 628 2629 idem
639 2562 728 2630 melius
738 2575 834 2626 feceris.

191 2670 240 2715 De.
258 2668 327 2715 itane
338 2681 364 2715 es
375 2675 473 2729 paratus
485 2669 565 2718 secere
577 2683 616 2716 me
628 2667 759 2717 advorsum
768 2664 862 2725 omniu,
897 2675 900 2677 ’

192 2754 301 2804 Infelix?
320 2757 366 2803 Pu.
385 2756 476 2805 Metuit
484 2756 524 2806 hic
533 2770 589 2817 uos,
602 2755 699 2805 tametsi
709 2753 796 2803 sedulo

194 2842 346 2893 Dissimulet·
382 2844 425 2892 Ge.
442 2846 510 2893 Beue
527 2846 619 2895 habeut
630 2843 677 2894 tibi
696 2842 823 2907 principie.
855 2843 903 2891 Pt.
921 2841 998 2902 Quin,

261 2931 327 2993 quod
338 2940 376 2982 est

200 3019 348 3080 Ferendum,
358 3021 426 3070 fert:
443 3020 492 3070 tuis
503 3020 604 3084 dignum
615 3019 687 3069 factis
699 3017 796 3078 iecerit,

200 3107 236 3157 Ut
246 3106 319 3157 amici
329 3108 393 3158 inter
404 3124 451 3159 noe
463 3109 549 3161 cimus.
582 3113 630 3160 De
647 3110 732 3172 Egone
741 3114 810 3156 tuam
819 3111 934 3169 expemm
