2459 3800
381 487 493 537 ACTUS
511 488 553 536 IV.
598 486 708 539 SCENA
726 488 771 535 1112
934 488 982 534 329

183 627 235 675 Aa.
253 625 318 681 Quid
327 625 367 676 hio
379 634 478 690 coeptat,
499 634 542 677 eut
559 642 607 689 quo
619 627 706 677 evadet
719 627 812 677 hodie?
836 629 878 678 Ge.
897 629 936 677 An
948 629 985 676 le·

246 715 316 777 gibus

181 808 303 856 Daturum
312 820 395 869 poenae
406 805 483 867 dices,
494 806 516 855 si
527 806 595 855 illam
607 806 725 868 ejecerit?

180 896 238 945 darn
250 896 275 945 id
286 897 489 959 exploratum’st:
507 897 573 959 heja,
585 897 684 947 sudabis
696 897 766 958 satis,

181 984 208 1033 Si
219 1000 276 1034 oum
287 985 332 1034 illo
343 986 450 1049 inceptas
461 986 576 1038 homine:
593 1002 623 1036 ee
633 987 773 1050 eloquentia
783 992 835 1038 est!

181 1073 284 1135 Verum,
297 1089 360 1136 pono
373 1089 427 1123 esse
435 1075 526 1125 victum
538 1090 612 1126 eum:
631 1084 657 1125 ot
667 1077 767 1125 tandem
778 1085 860 1127 nmen

181 1163 239 1209 Non
250 1163 334 1226 capitis
343 1166 396 1224 eius
408 1179 447 1213 res
458 1164 548 1225 agitur,
560 1165 602 1213 sed
614 1165 730 1227 pecuniae.

182 1253 315 1314 Postquam
326 1253 452 1302 hominem
465 1253 504 1302 his
515 1253 595 1302 verbis
606 1254 687 1303 sentio
697 1255 817 1322 mollirier
829 1275 835 1305 ι

182 1341 235 1389 Soli
246 1356 329 1391 sumus
341 1356 405 1391 nuuc
414 1342 465 1402 hic,
476 1343 575 1403 inquam
586 1361 593 1404 ;
613 1343 661 1391 eho
673 1342 722 1403 dic,
734 1342 793 1404 quid
804 1344 863 1393 velis
874 1343 927 1393 dari

181 1431 238 1479 Tibi
250 1432 274 1480 iu
288 1435 410 1504 manuni?
430 1434 543 1483 otherus
555 1433 594 1481 his
606 1433 708 1481 desistat
718 1432 803 1483 litibus
813 1454 819 1481 ι

183 1523 242 1571 Haec
253 1522 311 1571 hinc
323 1524 436 1583 facessat,
449 1531 476 1572 tu
485 1525 603 1572 molestus
613 1538 645 1571 ne
656 1523 712 1572 sies.

181 1611 233 1660 Au.
251 1612 329 1661 Satin·
341 1611 379 1659 iili
392 1612 422 1660 Di
434 1620 492 1661 sunt
499 1611 618 1675 propitii?
657 1614 700 1661 Ge.
718 1614 782 1662 Nam
793 1612 902 1673 eutecio,

182 1700 209 1749 Si
222 1707 249 1749 tu
261 1701 367 1762 aliquam
378 1708 472 1763 partem
484 1701 547 1762 aequi
559 1701 665 1763 bonique
675 1700 777 1761 dixeris,

184 1792 220 1839 Ut
230 1798 268 1839 est
275 1790 318 1839 ille
328 1790 408 1841 bonius
419 1790 467 1851 vir,
476 1790 524 1839 tria
533 1804 585 1839 uon
594 1790 777 1839 commutabitis

182 1880 347 1930 Verbahodie
358 1880 484 1930 intervos.
519 1882 564 1928 Do.
583 1880 644 1936 Quis
656 1888 680 1929 te
691 1880 757 1930 ieme
763 1880 839 1941 iussit
845 1879 933 1943 loqui?

184 1971 226 2018 Gli.
244 1972 323 2018 Immo
334 1983 384 2018 non
396 1969 476 2032 potuit
486 1970 573 2018 melius
584 1969 734 2032 pervenirier

182 2059 230 2121 Eo,
250 2073 298 2122 quo
314 2073 359 2108 nos
375 2060 498 2108 volumus.
531 2059 584 2108 An.
601 2059 707 2108 Occidi!
728 2060 771 2108 Clo.
788 2060 864 2122 Perge
879 2059 971 2122 eloqui.

185 2151 227 2198 Ge.
244 2149 358 2212 Aprimo
369 2149 445 2197 homo
456 2148 585 2199 insanibat.
621 2150 665 2199 Gt.
683 2150 761 2210 Cedo,
779 2150 837 2212 quid
854 2151 982 2214 pustulat?

186 2240 228 2288 (ie.
250 2239 336 2294 Quid?
363 2239 466 2288 nimium
487 2247 606 2302 quantum
626 2240 706 2290 libuit.
741 2242 784 2289 ct.
807 2241 860 2290 Dic.
896 2243 939 2291 Ge.
957 2242 1001 2290 Si·

246 2330 380 2392 qnisdoret

183 2421 315 2470 Talentum
333 2435 457 2482 magnum.
493 2423 537 2470 Gt.
555 2423 635 2470 Immo
648 2423 741 2470 malm
759 2421 857 2470 hercle:
876 2428 904 2470 ut
921 2421 985 2470 nihii

185 2551 188 2557 .
250 2510 341 2572 pudet!

184 2600 227 2648 Ge.
245 2598 318 2654 Quod
331 2599 383 2648 dixi
396 2599 456 2648 adeo
469 2599 508 2647 ei:
526 2612 616 2660 quaeso,
625 2598 705 2660 quid?
730 2597 751 2646 si
759 2596 836 2646 filiam

184 2689 259 2738 Suam
270 2687 368 2738 unicam
380 2689 492 2738 locaret?
509 2687 577 2750 parvi
588 2688 673 2736 rendit

184 2780 240 2827 Non
253 2777 400 2841 suscepisse:
419 2778 517 2826 iuventa
527 2773 626 2838 estquae
636 2777 719 2825 dotem
730 2782 804 2839 petat.

185 2868 221 2917 Ut
231 2867 263 2915 nd
271 2880 348 2930 panca
356 2867 465 2927 redeam,
476 2880 505 2915 ac
516 2866 611 2915 mittam
623 2866 691 2915 illius
699 2865 815 2928 ineptias,

182 2957 241 3005 Haec
256 2956 361 3019 denique
372 2958 426 3017 eino
437 2955 484 3005 init
494 2962 618 3019 postrema
627 2956 707 3004 oratio
718 2975 723 3003 ι

185 3045 247 3106 Ego,
259 3041 348 3107 iuquit,
355 3047 407 3106 Jam
419 3044 562 3108 aprineipio
572 3044 645 3093 amici
654 3044 742 3104 tiliam,

186 3135 223 3184 lta
231 3141 259 3183 ut
269 3148 364 3197 {equom
375 3135 466 3197 fuerat,
477 3134 543 3184 volui
556 3149 657 3184 uxorem
667 3134 755 3185 ducere
766 3153 773 3184 ι
