2459 3800
234 497 264 548 68
420 501 448 548 Ρ.
465 495 625 550 TERENTII
642 495 844 547 EUNUCHUS.

233 645 320 705 Neque
332 637 433 702 sciebatj
442 657 521 706 neque
533 657 576 707 per
587 650 685 692 atatem
695 641 770 690 etiam
779 647 900 704 potuerat.

231 733 355 781 Mercator
366 732 413 781 hoo
424 732 537 792 addebat,
550 746 564 781 e
576 732 743 796 pradonibus,

233 821 306 872 Unde
316 829 418 882 emerat,
429 835 456 870 ee
468 821 574 881 audisse,
586 821 712 883 abreptam
724 819 834 871 osonio.

231 913 312 960 Mater
322 911 364 960 ubi
374 911 475 974 aooepit,
485 910 558 974 coepit
569 910 680 960 autdioee
691 910 776 959 omnia

230 1001 336 1061 Docere,
349 993 464 1060 educare,
475 998 509 1049 ita
520 1006 549 1048 ut
560 999 582 1048 ei
594 1007 659 1048 eaaet
670 998 730 1048 filia
780 1019 785 1024 ²

229 1091 345 1140 Sororem
356 1090 465 1154 plerique
475 1105 527 1140 ease
538 1089 672 1139 eredebant
682 1103 773 1139 meam.

229 1179 282 1239 Ego
293 1191 349 1228 eum
361 1179 416 1240 illo,
428 1193 533 1241 quotum
543 1185 597 1228 tum
608 1192 660 1227 uno
672 1191 724 1227 rem
734 1176 866 1237 habebam,
877 1176 984 1239 hospite,

230 1267 288 1316 Abii
299 1269 347 1317 huc
359 1289 364 1318 :
380 1269 422 1331 qui
434 1268 495 1317 mihi
507 1268 607 1331 reliquit
617 1269 681 1329 hee,
694 1281 748 1330 qua
759 1267 850 1326 habeo,
862 1265 954 1315 omnia.

230 1358 290 1406 Por.
309 1359 448 1420 Utrumque
458 1359 506 1407 boo
517 1358 607 1407 falsum
626 1365 677 1407 eet:
695 1357 784 1405 effluet.
825 1355 871 1405 Ta.
892 1353 942 1408 Qui
953 1353 1035 1402 istuc?

294 1449 354 1495 Por.
366 1446 431 1502 Quia

227 1535 313 1598 Neque
324 1542 351 1584 tu
362 1541 412 1584 uno
423 1549 477 1586 eras
488 1543 612 1596 contenta,
625 1543 704 1596 neque
716 1533 784 1582 solue
795 1531 870 1582 dedit.

228 1626 252 1672 N
254 1638 294 1674 am
305 1625 346 1674 hic
357 1640 453 1688 quoque
464 1627 553 1675 bonam
565 1636 726 1688 magnamque
737 1621 833 1687 purtem
844 1623 875 1672 ad
884 1630 909 1672 te
920 1622 1014 1672 attulit.
1077 1623 1080 1626 ’

229 1714 275 1761 Tb.
289 1715 373 1765 Ita'st:
392 1714 499 1764 aeduine
511 1729 551 1764 me
561 1714 699 1778 pervenire,
711 1728 762 1776 quo
772 1714 837 1762 volo.

228 1803 325 1852 Interea
335 1803 417 1864 miles,
429 1804 470 1866 qui
482 1817 521 1852 me
533 1817 615 1852 amare
627 1810 766 1865 occeperat,

225 1891 254 1940 ln
268 1879 365 1941 Cariam
377 1900 414 1941 eet
424 1892 547 1955 profectus
560 1913 565 1941 :
584 1898 609 1940 te
619 1891 712 1941 interea
722 1890 773 1941 loci

142 1970 144 1975 ’
223 1981 333 2041 Cognovi
344 1999 349 2028 ι
368 1988 421 2030 tute
431 1980 490 2040 eois,
499 1986 555 2042 post
564 1979 608 2028 illa
618 1994 691 2041 quma
702 1980 826 2029 intumum

228 2070 337 2118 Habeam
348 2077 384 2129 te,
395 2077 420 2117 et
432 2082 486 2117 mea
496 2068 600 2117 consilia
610 2076 640 2118 ut
649 2068 694 2118 tibi
705 2069 804 2118 credam
815 2068 907 2117 omnia.

223 2160 269 2205 Pb.
288 2159 326 2206 Ne
342 2158 389 2206 hoe
401 2156 500 2219 quidem
516 2157 607 2206 tacebit
619 2159 750 2208 Parmeno.
783 2161 843 2207 Por.
862 2156 1030 2224 Odubiumue

286 2244 376 2295 idest?

223 2334 267 2381 ΤΙι.
287 2334 340 2383 Hoc
351 2333 426 2395 agite,
438 2335 533 2384 amabo.
545 2334 693 2383 Mater‘mea
705 2334 756 2383 tute
766 2335 897 2384 mortua'ot

220 2424 321 2483 Nuper:
337 2423 389 2483 ejus
400 2422 478 2471 frater
489 2422 641 2484 aliquantum
652 2423 748 2472 adrem
759 2432 797 2473 eat
807 2423 908 2474 avidior.

149 2507 175 2531 ““·
221 2512 255 2570 ls,
265 2510 306 2559 ubi
319 2512 381 2560 hane
392 2512 473 2561 forma
483 2512 544 2562 vidit
554 2514 659 2562 honesta
668 2511 799 2576 virginem,

221 2602 254 2649 Et
266 2601 355 2650 fidibus
366 2601 439 2662 seire,
451 2602 557 2665 pretium
568 2618 680 2667 sperans,
692 2604 760 2654 illico

222 2688 348 2751 Producit,
360 2690 442 2740 vendit
453 2710 459 2739 ι
478 2693 543 2741 forte
554 2694 656 2743 fortuna
666 2693 736 2743 affuit

220 2776 344 2828 Hiemem
355 2780 448 2829 amicus
458 2800 463 2829 ε
481 2782 542 2831 emit
553 2796 607 2831 eam
619 2783 686 2832 dono
698 2783 771 2844 mihi,

220 2870 364 2932 Imprudens
375 2871 464 2920 harum
476 2887 558 2923 rerum
572 2873 719 2936 ignarusque
730 2872 850 2923 omnium.

222 2961 245 3007 La
259 2952 338 3008 venit:
356 2968 484 3024 postquam
496 2963 573 3013 sensit
582 2978 623 3013 me
631 2972 712 3014 tecum
722 2977 820 3026 quoque

222 3050 284 3097 Rem
295 3049 395 3110 habere,
407 3050 477 3112 fingit
488 3064 583 3114 causae,
595 3067 628 3101 ne
639 3052 692 3113 det,
703 3052 791 3101 sedulo
805 3072 811 3101 ι

222 3138 276 3201 Ait,
287 3138 308 3189 si
319 3139 391 3189 fidem
402 3141 499 3211 habeat,
513 3154 539 3191 ee
550 3141 580 3193 iri
593 3142 751 3205 praepositum
760 3140 806 3190 tibi
