2459 3800
164 425 167 430 ⁵
220 434 268 485 2⁰4
417 434 444 481 P.
459 433 621 482 'l'EBEN'l'll
640 433 796 484 Aouuuul.

224 571 267 620 Me
275 569 408 621 miserum!
426 569 468 618 vix
486 583 542 621 sum
557 584 658 634 compos
676 569 763 631 animi,
784 570 819 619 ita
837 569 912 620 ardeo
930 567 1034 618 iracuna

282 659 330 710 di&
410 650 414 654 .

221 748 292 798 Nihil
310 748 429 810 estquod
449 748 545 810 malim,
565 763 639 811 quam
658 749 728 798 illam
745 756 822 799 totam
842 749 962 800 familiam
974 749 1029 800 dari

286 836 468 898 minionem,
1093 820 1098 832 ’

223 927 259 976 Ut
269 939 314 989 ego
325 926 388 976 iram
398 927 463 976 hanc
474 926 500 975 in
517 941 561 976 eor
571 941 685 977 evomam
697 942 808 988 omnem,
829 928 890 978 dum
910 927 1030 989 egritudo

286 1015 338 1064 haec
348 1023 490 1065 estrecens.
578 1072 580 1075 ,
714 1071 718 1074 ,

222 1103 287 1153 Satis
296 1103 359 1152 milri
372 1104 398 1152 id
407 1104 510 1152 habeam
522 1104 646 1168 supplicii,
657 1105 717 1154 dum
728 1105 785 1154 illos
799 1104 900 1154 ulciscar
912 1104 996 1153 modo.

221 1193 280 1241 Seni
290 1192 399 1242 animam
414 1192 521 1256 primum
539 1193 709 1256 extinguerem
721 1195 778 1257 ipsi,
790 1195 831 1257 qui
841 1194 905 1243 illud
915 1191 1032 1256 produxit

285 1284 379 1332 scelus:

221 1373 287 1421 Tum
306 1381 389 1422 autem
400 1375 487 1436 Syrum
499 1373 670 1436 impulsorem,
684 1374 745 1422 vah!
765 1374 853 1436 quibus
872 1372 944 1422 illum
966 1374 1030 1421 lace-

287 1474 369 1510 narem
380 1461 476 1510 modis!
945 1456 946 1459 ’

223 1548 360 1598 Sublimem
373 1550 481 1598 medium
491 1551 598 1612 primum
611 1550 756 1612 arriperem,
772 1558 798 1600 et
815 1549 892 1614 capite
904 1548 930 1598 in
940 1557 1030 1598 terram

286 1646 429 1698 statuerem,

224 1729 260 1778 Ut
269 1731 370 1778 oerebro
381 1729 502 1791 dispergat
512 1728 585 1778 viam.

223 1817 381 1867 Adolescenti
389 1819 435 1881 ipsi
445 1818 566 1880 eriperem
577 1818 678 1867 oculos:
698 1825 753 1882 post
762 1818 814 1867 haec
826 1816 975 1880 precipitem
985 1816 1029 1868 da-

282 1922 345 1959 rem.

225 1997 333 2046 Ceteros
343 2012 439 2047 ruerem
442 2033 451 2059 ,
460 2012 555 2059 egerem
558 2034 567 2059 ,
576 2012 686 2062 raperem
689 2034 697 2059 ,
705 1997 832 2047 tunderem
835 2032 844 2059 ,
854 2002 880 2045 et
888 2002 1031 2060 prosterne-

286 2100 349 2137 rem.

223 2174 273 2235 Sed
283 2189 351 2224 cesso
362 2176 447 2225 heram
458 2176 505 2226 hoc
516 2178 582 2226 malo
591 2176 712 2243 impertiri
725 2190 828 2241 propere
839 2178 848 2224 ἓ
886 2178 927 2225 So.
944 2176 1025 2225 Revo-

288 2279 380 2315 cemus.
401 2268 479 2316 Geta!
507 2311 509 2317 .

226 2356 269 2403 Ge.
287 2355 362 2415 Hem,
373 2354 481 2416 quisquis
500 2369 537 2415 es,
557 2355 611 2404 sine
628 2370 677 2404 me.
711 2358 751 2405 So.
770 2356 822 2417 Ego
842 2368 897 2403 sum
909 2353 1028 2403 Sostrata.

291 2444 335 2493 Ge.
352 2444 402 2494 Ubi
412 2446 492 2494 ea’st?
512 2444 626 2508 teipsam
637 2443 755 2507 quaerito:

222 2534 259 2581 Te
269 2539 400 2595 exspecto:
417 2532 507 2595 oppido
518 2540 656 2595 opportune
664 2539 688 2581 te
700 2532 812 2581 obtulisti
823 2530 884 2581 milri
896 2530 1003 2590 obviam,

225 2625 298 2673 Hera.
330 2627 371 2673 So.
387 2624 453 2679 Quid
474 2625 533 2673 est?
563 2623 623 2685 quid
645 2622 774 2687 trepidas?
813 2625 856 2673 Ge.
874 2622 923 2671 llei
945 2619 1024 2671 mihi!

288 2716 330 2761 So.
347 2712 413 2766 Quid
424 2712 535 2773 festinas,
548 2712 582 2760 mi
593 2713 673 2761 Geta?

224 2799 342 2850 Animum
363 2800 450 2865 recipe.
494 2804 537 2851 Ge.
555 2804 668 2851 Prorsus.
702 2804 741 2853 So.
758 2800 824 2857 Quid
842 2800 906 2850 istuc
926 2812 1027 2863 prorsus

289 2891 400 2951 ergo'st?
437 2893 479 2939 Ge.
497 2890 633 2941 Periimusz
765 2888 767 2892 ’

224 2981 355 3032 ‹tcmm’se
388 2983 428 3029 So.
445 2981 567 3043 Eloquere
576 2996 647 3043 ergo,
665 2983 766 3035 obsecro
781 2987 817 3042 te,
832 2980 891 3042 quid
907 2978 947 3028 sit.
983 2980 1026 3028 Gr.

290 3069 357 3115 iam.
390 3069 431 3117 So.
448 3068 513 3123 Quid
523 3071 587 3130 jam,
600 3070 682 3119 Geta?
922 3084 925 3089 '
