2459 3800
251 439 298 487 loa
441 440 468 488 P.
485 436 646 487 TERENTII
664 435 863 525 EUNUCllUS.

253 577 339 639 Neque
349 574 384 625 ita
393 574 518 639 imperita,
529 576 625 639 utquid
636 572 706 625 arnor
716 576 806 637 valeat,
817 574 936 626 nesciam.

255 669 298 717 Gla.
314 670 352 719 Te
360 683 456 733 quoque
464 672 527 731 ιἰιιιι,
538 671 626 732 Thais,
638 670 672 720 ita
683 684 723 721 mc
733 670 764 719 Di
775 671 837 719 bene
848 677 943 731 ament,
953 682 1016 719 amo.

256 761 302 821 Py.
318 760 384 807 'lum
393 762 434 823 pol
446 761 492 810 tibi
502 762 534 809 ab
545 760 619 821 istoc,
630 761 700 821 hera,
714 758 849 811 cavendum
861 758 981 821 intelligo.

258 850 301 898 Gt.
318 850 377 898 Nou
393 849 481 899 ausim.
521 853 569 911 Pp.
587 849 658 899 Nihil
675 849 722 899 tibi
740 849 870 912 quicquam
888 848 970 899 credo.
1012 848 1058 895 ΤΙι.
1083 850 1084 853 ’

324 938 437 989 Desinat.

215 1087 218 1093 ¹
257 1033 301 1080 Gla
318 1032 391 1079 Nunc
401 1042 446 1090 ogo
456 1035 482 1076 tc
493 1027 519 1076 in
531 1028 577 1077 hac
587 1043 614 1077 re
626 1028 687 1076 mihi
699 1042 744 1077 oro
755 1034 783 1077 ut
794 1024 903 1088 adjutrix
912 1024 975 1087 aies3

255 1122 307 1183 Ego
318 1134 359 1169 me
367 1127 415 1169 tuae
426 1108 574 1167 commendo
584 1126 611 1167 et
622 1119 751 1167 committo
761 1117 818 1167 fidei
828 1138 836 1179 ς

255 1212 292 1258 Te
303 1208 365 1258 mihi
376 1215 503 1271 patronam
515 1207 596 1269 capio,
608 1206 703 1269 Thais}
719 1214 744 1257 te
755 1208 876 1268 obsecr03

256 1298 381 1357 Emoriar,
392 1295 414 1345 ai
425 1310 476 1345 aon
487 1296 551 1355 hano
562 1310 666 1344 uxorem
677 1296 781 1345 duxero.

259 1388 305 1436 Th.
321 1388 416 1437 Tamen
427 1387 448 1436 si
465 1394 540 1449 pater.
576 1388 619 1435 Gt.
636 1386 723 1440 Quid?
742 1386 774 1435 ah
785 1386 861 1447 volet,
872 1392 940 1435 certo
952 1383 1018 1435 scio:

258 1476 324 1527 civis
333 1476 407 1526 modo
418 1478 471 1527 haec
481 1477 521 1527 ait.
557 1478 603 1525 ΤΙι.
621 1477 753 1526 Paululum
769 1462 909 1540 opperirier

258 1564 285 1615 Si
296 1565 333 1613 ris
343 1585 349 1614 ι
361 1567 414 1626 jam
427 1566 503 1614 irater
514 1566 564 1629 ipae
575 1564 615 1613 hic
627 1564 706 1613 aderit
716 1564 832 1627 virginis:
910 1610 914 1618 .

259 1654 387 1705 Nutricem
397 1656 542 1706 arcessitum
553 1655 592 1715 iit,
603 1669 657 1717 quae
670 1654 739 1703 illam
749 1654 812 1704 aluit
821 1655 962 1718 parvolam:

259 1750 289 1796 ln
299 1746 468 1809 cognoscendo
478 1754 530 1796 tuto
541 1746 594 1809 ipae
600 1746 692 1807 aderis,
702 1746 812 1796 Choerea.

263 1838 306 1886 ot.
321 1839 373 1900 Ego
384 1850 442 1885 vero
453 1850 549 1885 maneo.
585 1839 631 1885 rt.
649 1836 705 1887 Vin'
717 1837 821 1898 interea,
834 1836 892 1886 dum
905 1834 925 1884 is
938 1826 1013 1895 venit,

260 1926 335 1977 Domi
345 1926 502 1990 opperiamur
513 1920 609 1989 potius,¹
617 1940 690 1988 quam
701 1928 742 1976 hic
752 1932 810 1976 autc
821 1927 931 1976 ostium?

264 2017 307 2064 Gla.
319 2018 399 2064 Immo
407 2015 531 2079 percupio.
548 2018 595 2078 Pp.
607 2019 688 2071 Quam
698 2025 726 2065 tu
735 2031 788 2066 rem
796 2023 890 2078 actura,
899 2015 1063 2077 obsecrmes?

265 2106 310 2153 ΤΙι,
327 2107 393 2154 Nam
409 2104 468 2166 quid
479 2105 533 2152 ita?
569 2108 616 2166 Pp.
632 2105 749 2167 Rogitas?
769 2106 836 2156 hauc
851 2113 880 2154 tu
898 2105 925 2154 iu
936 2103 1008 2154 adela
1025 2117 1067 2153 co·

327 2193 390 2256 gitao

263 2283 380 2346 Recipere
391 2283 514 2346 postlrac?
552 2284 597 2332 Ti.
615 2283 749 2334 Gurnou?
784 2285 831 2346 Py.
854 2281 993 2354 Crederhoo
1005 2282 1065 2332 meac

329 2373 398 2433 fidei,

263 2464 338 2514 Dabit
348 2462 389 2513 hic
399 2463 508 2526 aliquam
520 2477 627 2527 pugnam
644 2463 733 2513 denuo.
757 2466 802 2512 Pu.
818 2464 869 2524 Au,
881 2470 945 2523 tace,
957 2462 1066 2511 obsecro.

262 2557 310 2615 Pp.
328 2555 418 2602 Parum
431 2553 581 2619 perapoxisse
593 2554 646 2613 cJus
657 2552 739 2605 videre
750 2552 886 2602 audaciam.

264 2643 308 2690 ot.
325 2643 382 2690 Nou
394 2641 494 2702 faciam,
507 2641 615 2705 Pptlriaa.
648 2645 695 2704 Py.
713 2645 770 2692 Non
782 2644 824 2706 pol
832 2643 920 2704 credo,
933 2642 1046 2701 Chaerea,

264 2729 319 2780 Nisi
331 2731 353 2779 si
363 2729 523 2779 commissum
535 2730 653 2780 nouerit.
689 2732 732 2780 Gt.
750 2732 827 2794 Quin,
841 2732 950 2795 Pythias,

262 2820 303 2869 Tu
314 2832 353 2867 mc
364 2825 468 2867 servato.
501 2822 547 2880 Py.
565 2821 652 2882 Neque
662 2820 704 2882 pol
715 2821 861 2872 servandum
872 2820 917 2870 tibi

263 2906 400 2969 Quicquam
412 2906 470 2955 darc
480 2906 570 2967 ausim,
583 2921 662 2969 noque
671 2917 696 2956 tc
708 2921 819 2958 servare:
839 2923 913 2974 apage
924 2917 958 2959 te.

266 2999 312 3046 Ta.
330 2996 407 3046 Adest
417 3004 518 3060 optume
528 2997 580 3060 ipae
592 2999 677 3047 frater.
708 2999 751 3047 Gla.
763 2997 829 3048 Perii
840 2999 922 3052 hercle
933 3019 940 3062 ς
953 3001 1066 3062 obsecro,

264 3087 388 3138 Abeamus
399 3086 476 3148 iutro,
487 3087 564 3137 Thala
575 3107 582 3139 ι
600 3087 661 3136 ιιοΙο
672 3101 712 3137 mc
722 3086 748 3138 in
760 3087 799 3138 via
