2459 3800
401 483 511 534 ACTUS
530 485 562 533 11.
595 484 705 534 sanA
717 485 750 532 ΙΙ.
944 485 980 533 23

176 613 224 662 Sed
237 615 279 663 uhi
292 619 420 678 queram?
440 626 484 667 aut
494 634 541 681 quo
553 634 618 668 nunc
629 619 736 682 primum
747 618 894 667 intendam?
933 619 976 667 Cli.

174 685 177 692 ¹
244 705 330 754 Cessas
341 707 456 769 alloquii

175 793 240 840 Dav.
252 794 329 842 Abeo.
354 796 397 842 Gi.
409 797 491 844 Dave:
510 795 581 844 ades:
600 795 693 845 resiste.
710 795 849 851 Damonis
859 793 978 854 homost,

239 881 281 942 qui
292 886 352 932 me?
373 885 395 934 Ο
407 885 543 947 Pamphile,

173 969 210 1016 Te
231 968 309 1032 ipsum
332 986 429 1034 quaero:
447 987 517 1034 euge,
534 973 653 1024 Charine:
678 975 752 1023 ambo
763 982 916 1037 opportunez
935 987 977 1022 vos

238 1059 302 1107 volo.

180 1145 222 1194 on.
240 1148 317 1208 Dave,
328 1148 398 1210 perii.
431 1152 498 1198 Dav.
523 1150 588 1204 Quin
606 1159 634 1199 tu
655 1151 703 1200 hoe
720 1151 785 1200 audi.
826 1153 869 1200 Cle.
886 1150 980 1200 Interii.

240 1238 306 1284 Dav.
323 1237 389 1291 Quid
399 1237 485 1286 timeas
503 1239 562 1288 scio.

176 1327 247 1372 Pam.
264 1327 322 1374 Mea
331 1326 429 1388 quidem
440 1328 522 1376 hercle
534 1335 599 1377 certe
610 1325 637 1376 in
653 1327 728 1376 dubio
744 1326 833 1377 vita'st.
864 1331 930 1377 Doo.
947 1328 980 1376 Et

244 1415 350 1476 quidm,
363 1415 421 1464 seio.

181 1503 251 1550 Pam.
281 1503 379 1566 Nuptiae
401 1504 470 1554 mihi.
511 1508 577 1554 Dav.
605 1507 638 1554 Et
660 1505 681 1554 ei
702 1504 761 1553 scio.
803 1507 873 1552 Pom.
890 1504 982 1559 Hodie..
1022 1502 1023 1505 ’

245 1595 310 1643 Dav.
333 1595 466 1656 Obtundie‚
478 1595 575 1644 tametsi
584 1595 704 1666 intelligo.

183 1680 210 1729 ld
223 1696 304 1746 paves¹
330 1698 361 1732 ne
377 1685 452 1734 ducos
469 1686 595 1734 tuillam:
613 1692 640 1733 tu
656 1692 749 1745 autem,
771 1691 800 1732 ut
817 1683 899 1731 ducas.
935 1684 978 1731 Cli.

246 1773 308 1819 Rem
319 1779 395 1822 tenes.

180 1863 250 1911 Pam.
268 1863 333 1911 Istuc
343 1861 430 1929 ipsum.
462 1864 528 1913 Dao.
545 1864 627 1925 Atque
643 1861 705 1911 istuc
721 1861 801 1925 ipsum
818 1858 881 1909 nihil
898 1857 982 1921 pericli

245 1960 297 2001 est:
317 1952 429 2001 menide.

147 2078 157 2091 ,
182 2042 251 2089 Pom.
269 2041 377 2089 Obsecro
393 2048 428 2101 te,
445 2039 635 2103 quamprimum
648 2040 695 2089 hoc
710 2054 750 2089 me
766 2040 844 2089 libera
864 2038 981 2087 m'nerum

245 2138 320 2179 metu.
349 2132 417 2179 Dav.
435 2132 514 2179 Hem!

181 2221 279 2271 Libero.
297 2221 408 2271 Uxorem
426 2220 471 2268 ribi
491 2234 541 2269 non
560 2220 603 2268 dot
618 2221 669 2280 jam
682 2219 808 2268 Chremen.
842 2220 912 2265 Pom.
934 2214 984 2270 Qui

247 2308 313 2358 scis?
348 2311 414 2357 Dav.
432 2306 497 2357 Scio.

181 2399 249 2447 Tuus
269 2404 336 2461 pater
354 2395 427 2446 modo
447 2412 487 2445 me
506 2394 653 2460 prehendit3
670 2395 715 2455 ait,
739 2393 783 2443 tibi
803 2407 908 2442 uxorem
925 2392 984 2451 dare

247 2503 300 2538 sese

183 2578 280 2631 Hodie:
303 2578 361 2629 item
387 2577 437 2627 alia
459 2577 548 2636 multa,
571 2590 625 2637 quae
649 2587 714 2622 nunc
735 2586 787 2629 non
809 2578 848 2619 eet
869 2570 986 2619 nannndi

164 2720 166 2725 ,
249 2670 326 2719 locus.
361 2708 363 2711 .

183 2757 308 2809 Continuo
322 2757 352 2806 ad
363 2764 388 2806 te
399 2770 532 2820 properans
544 2766 660 2817 percurro
668 2750 699 2798 ad
710 2750 803 2808 forum,
812 2755 842 2796 ut
852 2746 932 2796 dicam
939 2746 985 2795 tihi

248 2847 308 2895 haec.
842 2889 845 2892 .

183 2935 233 2988 Ubi
246 2942 270 2985 te
283 2951 333 2985 non
340 2934 455 2997 invenio,
465 2935 499 2985 ibi
510 2933 616 2983 ascendo
633 2930 659 2980 in
670 2928 793 2994 quendam
804 2926 930 2974 excelsum
946 2926 985 2974 lo·

249 3041 314 3076 cum.

184 3114 358 3178 cncumspicio
368 3134 377 3177 3
389 3112 518 3177 nosquam.
540 3112 614 3161 Forte
625 3108 660 3159 ibi
670 3107 743 3167 hujus
754 3104 825 3153 video
834 3101 963 3167 Byrrhiam
976 3121 985 3164 3
1081 3099 1085 3107 '
