2459 3800
238 462 285 512 176
320 463 345 510 Ρ.
361 460 522 513 TERENTll
541 457 974 517 HEAUTONTIMORUMENOS.

239 607 281 667 Sp.
299 605 376 666 Here,
393 604 502 653 licetne?
549 605 593 652 01.
610 605 729 666 Loquere.
770 605 812 666 Sy.
829 604 864 654 At
884 604 957 652 tuto?
996 602 1040 650 01.

302 694 421 754 Loquere.
455 694 497 752 Sy.
515 691 787 754 Qnaeistn’etprnvitne,

240 782 329 835 Quove
336 781 445 831 amentia
454 788 501 841 est,
513 780 578 841 qnod
587 779 684 844 peccavi
694 795 750 841 ego,
758 779 785 828 id
794 781 881 830 obesse
892 777 969 829 huic?
996 781 1040 828 01.

304 869 382 918 Ilicet.
774 885 779 892 ·

239 961 278 1009 Ne
287 967 312 1009 te
323 960 447 1010 ndmncen
465 973 539 1009 nemo
551 968 659 1022 accusat,
669 962 738 1024 Syre,
750 967 775 1010 te
785 981 793 1023 3
811 973 856 1010 nec
867 968 895 1010 tu
905 971 973 1010 nram
984 958 1040 1018 tibi,

239 1051 292 1098 Nec
307 1058 459 1112 precatorem
476 1049 577 1113 parntis.
610 1052 651 1111 Sp.
669 1049 736 1104 Quid
755 1049 825 1110 egis?
863 1051 906 1098 Ol.
924 1047 967 1097 Nil
986 1063 1043 1096 suc·

302 1151 402 1198 ⁰0⁰⁸0⁰2

240 1230 293 1278 Nec
302 1227 411 1288 tibi,nec
421 1227 484 1277 tibi:
504 1242 549 1276 nec
560 1241 603 1276 vos
614 1234 652 1275 eet
664 1241 770 1289 aequom,
783 1226 849 1288 quod
861 1224 934 1285 fanin,
945 1223 1015 1272 mihi.

241 1318 283 1378 Sy.
299 1316 369 1364 Abiit
380 1337 388 1377 ;
405 1318 463 1376 vnh,
481 1329 580 1376 rogasse
595 1316 693 1364 vellem.
736 1317 774 1364 01.
789 1315 874 1370 Quid?
909 1317 950 1378 Sy.
968 1312 1042 1364 Unde

306 1404 368 1452 mihi
378 1412 485 1466 peterem
494 1403 576 1452 cibum
585 1422 592 1451 e

242 1494 279 1542 itt
289 1505 335 1541 noe
345 1492 474 1542 nliennvlt:
491 1491 537 1542 tibi
544 1494 596 1552 jam
606 1505 661 1541 esee
672 1491 703 1541 nd
713 1505 824 1541 sororem
835 1490 955 1552 intelligo.

243 1583 278 1630 01
291 1581 387 1631 Adeon’
397 1597 451 1631 rem
459 1581 570 1642 rediisse,
581 1588 611 1631 ut
620 1581 758 1644 periculum
765 1582 839 1630 etiam
851 1582 916 1630 fame
927 1579 988 1629 mihi
1000 1579 1044 1640 sit,-

305 1673 384 1733 Syre?

243 1762 284 1820 Sy.
301 1758 378 1808 Modo
397 1758 470 1808 lineet
490 1758 582 1819 vivere,
604 1767 643 1808 est
661 1773 725 1822 spes.
761 1761 798 1810 01.
815 1760 894 1813 Qun?
929 1761 971 1819 Sy»
988 1759 1042 1806 Nos

306 1848 440 1897 eeuiituroe
451 1837 519 1898 entis.

244 1939 281 1988 01.
299 1937 388 1985 Irrides
404 1937 430 1985 in
446 1951 474 1985 re
488 1944 566 1997 tanta,
586 1952 665 1999 neque
684 1952 723 1987 me
739 1938 868 2000 quicquam
884 1936 988 1987 consilio
999 1936 1044 1985 ad·

245 2038 253 2047 '
303 2028 392 2086 iuvas?

243 2118 284 2176 Sp.
301 2116 381 2163 lmmo
393 2123 419 2163 et
436 2114 471 2162 ibi
490 2130 556 2164 nunc
566 2129 632 2176 enm,
645 2123 670 2165 et
680 2130 756 2177 neque
774 2115 798 2164 id
816 2115 854 2177 egi
865 2116 968 2175 dudum,
983 2114 1044 2163 dum

206 2218 209 2223 ·
307 2202 415 2265 loquimr
424 2210 506 2266 pater:

241 2293 283 2353 Et,
295 2299 413 2354 qnantum
423 2306 469 2354 ego
477 2292 614 2354 intelligere
626 2306 733 2356 pontum·
764 2295 799 2342 01.
817 2293 901 2349 Quid?
931 2292 1042 2354 seiton

305 2380 385 2429 oberit
394 2380 500 2443 longine.

243 2470 281 2519 01.
296 2468 362 2524 Quid
373 2468 400 2517 id
410 2471 490 2531 ergo?
526 2471 568 2530 Sy.
585 2470 627 2519 Sic
641 2475 688 2530 est,
705 2484 754 2519 non
774 2472 927 2521 enehorum
942 2480 966 2521 te
977 2473 1043 2521 arbi-²

306 2565 368 2607 tror.
403 2558 440 2607 01.
456 2557 523 2612 Quid
533 2557 605 2618 inuio,
618 2559 699 2620 Syre?

244 2646 323 2696 Sotin'
331 2659 405 2697 mnne
414 2660 441 2694 ee
453 2648 463 2693 l
500 2648 541 2708 sp.
560 2648 612 2707 ligo
623 2645 713 2708 dicam,
733 2648 798 2708 quod
817 2647 879 2697 mihi
896 2648 922 2697 in
933 2656 1041 2699 mentem

305 2742 357 2785 etl:
376 2742 403 2783 tn
412 2733 526 2795 dijudica.

242 2826 307 2873 Dum
320 2823 373 2871 istie
382 2822 451 2871 fuisti
462 2824 539 2884 eolus,
552 2822 611 2873 (lum
621 2824 690 2872 nulla
700 2822 748 2873 alin
759 2825 898 2888 delectatio,

241 2915 303 2968 Qnae
313 2912 412 2975 propior
422 2922 499 2975 emet,
506 2920 532 2963 te
543 2914 711 2977 indulgebant,
720 2915 765 2965 tibi
772 2917 879 2967 debant-2
897 2933 964 2967 nnnc
975 2918 1027 2967 filia

243 3006 376 3065 Postquam
387 3012 426 3064 eet
433 3004 606 3068 iuventutern,
614 3006 715 3057 inventa
723 3014 851 3069 estcauna,
867 3014 916 3069 qn'a
926 3016 950 3056 te
959 2983 1045 3071 expes·

309 3092 395 3141 lerent
433 3116 436 3123 ·
