2459 3800
466 908 749 967 PROLOGUS.

204 1185 300 1242 Ponrn,
312 1195 390 1244 quum
401 1179 509 1245 primum
520 1181 632 1231 animum
643 1181 675 1231 ad
686 1182 843 1233 scribendum
855 1183 960 1247 appulit,

206 1272 233 1322 ld
244 1271 290 1322 sibi
302 1271 386 1335 negoti
396 1271 500 1321 credidit
511 1272 593 1320 solnm
604 1272 668 1333 dari,

207 1363 300 1427 Populo
312 1371 342 1412 ut
351 1363 487 1426 placerent,
499 1377 560 1425 quaa
571 1362 671 1412 fecisset
678 1363 781 1413 fabulas.

205 1455 298 1502 Verum
308 1453 381 1502 aliter
391 1453 488 1502 evenire
498 1454 579 1502 multo
590 1453 721 1515 intelligit:

206 1545 270 1592 Nam
282 1543 307 1591 in
319 1542 427 1606 prologis
438 1541 575 1592 scribundis
587 1556 688 1606 operam
699 1541 819 1602 motitur,

207 1635 264 1683 Non
273 1634 315 1696 qui
326 1641 497 1696 argumentum
509 1641 604 1694 narret,
615 1633 659 1682 sed
670 1633 712 1698 qni
721 1631 837 1682 malevoli
923 1654 931 1666 x

205 1723 300 1774 Veteris
311 1727 393 1774 Poetae
404 1724 540 1773 maledictis
551 1724 707 1791 respondeat

205 1815 289 1874 Nunc,
301 1827 375 1876 quam
387 1827 440 1862 rem
451 1813 511 1862 vitio
524 1813 592 1874 dent,
604 1827 699 1875 quaeso,
709 1811 820 1862 animum
832 1810 963 1862 advortite.

204 1904 341 1954 Menander
351 1904 411 1954 fecit
420 1904 541 1954 Andriam
550 1911 576 1953 et
584 1903 736 1953 Perinthiam
748 1924 755 1953 ε

204 1994 254 2050 Qui
265 1994 383 2043 utramvis
393 2001 459 2043 recte
470 1994 548 2053 norit,
559 1994 645 2042 ambas
656 1991 761 2042 noverit.

207 2086 266 2133 Non
279 2084 314 2133 ita
323 2083 438 2133 dissimili
450 2091 509 2133 sunt
520 2091 676 2144 argumento,
688 2082 732 2131 sed
741 2089 825 2131 tamen

201 2174 321 2225 Dissimili
331 2174 442 2223 oratione
454 2181 513 2223 sunt
523 2174 603 2234 factae,
614 2188 642 2223 ac
652 2172 719 2222 stilo.

203 2267 264 2320 Quae
276 2279 412 2315 convenere
421 2264 447 2313 in
459 2264 591 2323 Andriam,
600 2278 633 2312 ex
644 2261 773 2312 Perinthia

202 2334 302 2405 Fatetm
312 2354 478 2415 transtulisse,
489 2361 563 2415 atque
574 2366 648 2401 usum
656 2365 703 2415 pro
714 2350 775 2400 suis.

204 2446 232 2495 Id
244 2444 285 2495 isti
295 2444 436 2507 vituperant
444 2443 535 2491 iactum
546 2461 554 2503 3
573 2449 647 2504 atque
657 2442 684 2489 in
695 2453 727 2489 eo
738 2439 875 2503 disputant,

204 2535 374 2588 Contaminari
385 2548 435 2583 non
444 2534 532 2583 decere
547 2532 652 2581 fabulas.

204 2625 351 2677 Faciuntne
361 2623 532 2686 intelligendo,
544 2631 573 2671 ut
580 2620 646 2670 nihil
656 2619 797 2681 intelligant
809 2639 814 2668 ε

201 2714 250 2770 Qui
260 2729 317 2763 cnm
327 2714 394 2763 hunc
405 2719 531 2771 accusant,
545 2710 670 2769 Nerium,
682 2709 810 2768 Plautum,
820 2703 931 2755 Ennium

202 2806 342 2853 Accusant:
361 2816 423 2865 quos
434 2801 476 2852 hic
487 2806 574 2849 noster
585 2805 700 2849 auctores
709 2797 798 2846 habet:

204 2895 316 2947 Quorum
327 2890 440 2942 emulari
451 2896 553 2954 exoptat
562 2886 741 2950 negligentiam

200 2984 296 3047 Potius,
309 2998 382 3048 quarn
394 2982 498 3033 istorum
510 2982 641 3031 obscuram
651 2964 815 3038 diligentiam.
