2459 3800
337 480 339 482 ’
394 475 506 527 AG'l'US
522 475 553 524 V.
585 475 695 526 §CENA
711 475 767 526 Vll.
936 478 985 532 233

182 613 274 681 Praeter
287 619 441 679 naturam
454 626 566 683 uotam,
576 627 642 671 pum
652 615 713 662 em?
733 625 798 670 pum
808 615 925 662 detaut?

183 701 285 751 Servum
295 702 357 752 haut
366 703 511 753 illiberalem
521 704 613 766 praebes
624 710 649 752 te
660 722 668 764 ;
686 709 712 752 et
722 701 767 752 tibi

179 790 278 840 Lubeue
286 791 349 840 bene
360 791 450 855 faxim.-
473 793 516 854 Sy.
527 791 638 860 Gratiam
646 792 733 842 habeo.
761 793 809 840 De.
819 789 905 856 Atqui,
915 791 985 856 Syre,

182 877 236 927 lloe
245 879 373 943 verum’st,
383 887 408 929 et
418 879 470 944 ipsa
480 894 508 928 re
519 879 644 944 experiere
654 877 811 952 propediem.
856 929 859 938 ,

400 1114 511 1165 aeuus
527 1114 559 1162 v.
592 1114 761 1165 scemam.
780 1095 786 1106 '

471 1228 551 1278 Gum.
585 1231 690 1278 Duum.

177 1325 263 1385 Ham,
275 1339 320 1388 ego
331 1326 380 1375 huc
389 1327 421 1375 ad
431 1327 478 1376 hos
488 1326 597 1392 proviso,
610 1341 684 1390 quam
696 1342 755 1378 mox
765 1327 885 1391 virginem

175 1414 316 1463 Areeeeant.
349 1415 398 1465 Sed
408 1429 493 1464 eccum
511 1418 638 1467 Demeam.
671 1417 757 1468 Salvos
769 1415 825 1466 sies.
932 1481 934 1485 Ι

174 1503 223 1550 De.
250 1502 284 1562 0,
304 1498 347 1565 qui
364 1506 471 1555 vocare?
500 1505 561 1554 -Ge.
577 1506 648 1554 Geta.
687 1507 735 1554 De.
761 1506 834 1566 Geta,
855 1502 982 1556 hominem

240 1591 351 1640 maxumi
379 1630 383 1636 .

142 1689 149 1702 ·
173 1679 249 1728 Pretii
260 1695 314 1730 etse
324 1689 349 1730 te
359 1680 434 1750 hodie
443 1680 551 1743 judicavi
564 1682 649 1736 animo
660 1696 723 1732 meo.
751 1737 752 1740 Ἴ

171 1768 237 1818 Nam
248 1767 269 1818 ie
279 1768 341 1818 mihi
351 1770 461 1832 profecto
474 1778 512 1820 eet
523 1785 606 1820 servos
614 1778 736 1836 spectatus
748 1769 817 1832 satie,
859 1747 871 1782 ‘

172 1856 220 1908 Cui
231 1858 345 1909 dominus
355 1858 464 1921 curae'et
477 1859 512 1910 ita
522 1868 550 1911 ut
564 1860 609 1911 tibi
624 1860 700 1923 senei,
713 1863 775 1913 Geta
786 1881 792 1911 :

170 1946 204 1996 Et
212 1946 257 1996 tibi
269 1950 301 1997 ob
312 1962 368 1997 eam
378 1949 479 2011 rem,-si
489 1950 548 2011 quid
559 1964 618 2001 ueue
629 1949 737 2010 venerit,

171 2035 338 2085 Lubensbene
349 2016 435 2087 faxim.
468 2038 578 2087 Meditor
589 2052 644 2087 esse
655 2037 776 2101 affabilie;

171 2126 205 2175 Et
214 2126 277 2175 bene
287 2127 406 2191 procedit.
443 2128 487 2176 Ge.
503 2130 635 2197 Bonus-es,
649 2143 725 2192 quum
735 2129 788 2178 hac
799 2127 941 2181 existumas.

172 2215 220 2263 De.
233 2214 354 2266 Paulatim
366 2217 463 2280 plebem
472 2216 606 2279 primulum
618 2217 682 2267 facio
693 2232 783 2268 meem.

386 2452 497 2502 Ac'ws
514 2454 544 2501 V.
579 2453 689 2503 SCENA
704 2455 761 2503 Vll.

303 2566 460 2615 AEecuiuus.
493 2568 597 2617 Duum.
631 2570 726 2618 sveus.
760 2572 841 2619 Geel.

167 2668 311 2717 occmum
318 2682 359 2717 me
370 2667 477 2730 quidem,
489 2668 548 2717 dum
560 2669 634 2719 nimis
646 2677 742 2719 sanctae
751 2670 848 2733 nuptias

166 2756 271 2807 Student
282 2757 377 2805 faeere:
400 2755 425 2804 in
438 2756 578 2820 apparando
586 2764 666 2807 totum
678 2765 827 2807 consumunt
837 2756 911 2806 diem.

166 2850 214 2897 De.
231 2846 297 2901 Quid
314 2845 404 2907 agitur,
421 2846 560 2896 AEeehlne?
580 2848 626 2897 AE.
642 2848 735 2907 Ehem,
749 2854 817 2909 puter
832 2846 877 2907 mi,
893 2853 920 2896 tu
935 2845 976 2897 hie

230 2937 305 2985 erae?
442 2988 444 2990 .

163 3026 212 3073 De.
227 3026 296 3073 Tuus
307 3023 392 3073 hercle
403 3038 460 3073 vem
471 3031 497 3072 et
508 3022 592 3072 animo
604 3031 630 3072 et
641 3030 729 3072 natura
738 3030 809 3086 pater
822 3044 831 3087 ;

166 3110 216 3167 Qul
226 3118 323 3162 teamat
334 3112 389 3177 plue
398 3126 471 3175 quam
480 3113 555 3162 hosce
566 3114 660 3164 oeulos.
694 3112 744 3163 Sed
754 3127 798 3163 cur
810 3127 860 3163 non
872 3111 971 3163 domum
