2459 3800
236 471 267 518 24
450 472 477 519 Ρ.
494 451 654 519 sessuris
670 469 807 519 suoru.

234 613 318 672 Rogo=
335 617 407 672 neget
417 609 520 662 vidisse:
534 609 595 658 mihi
606 611 753 660 molestum:
768 607 827 671 quid
837 608 919 669 Qum,
931 607 1020 669 cogito.

234 699 355 748 Redeunti
367 699 461 748 interea
471 714 503 748 ex
513 699 564 762 ipsa
575 713 602 747 rc
613 699 674 746 mihi
685 698 772 748 incidit
784 692 889 760 suspicio
899 717 906 746 ι
923 698 992 755 hem,

234 788 364 837 Paululum
376 789 477 836 obsoni:
495 789 562 849 ipsus
572 787 663 836 tristis:
680 786 710 836 de
721 786 854 850 improviso
864 785 969 849 nuptie:

235 877 292 924 Non
304 876 435 924 coherent.
468 879 540 924 Pam.
568 877 692 930 Quorsum
709 876 858 924 namistuc?
893 877 959 926 Doo.
983 875 1037 935 Ego

299 977 339 1012 me
350 963 468 1013 contiuuo
478 965 509 1012 ad
522 964 662 1014 Chremem.

235 1053 318 1106 Quum
329 1053 387 1102 illoc
399 1054 519 1104 advenio:
538 1053 646 1103 solitudo
665 1060 721 1101 ante
740 1052 846 1101 ostiumr
865 1053 918 1112 jam
935 1050 960 1099 id
977 1064 1036 1112 gau-

299 1143 355 1192 deo.

238 1233 280 1280 Ol.
298 1233 372 1280 Recte
393 1231 460 1280 dicis.
505 1235 576 1280 Pam.
594 1232 680 1293 Perge.
725 1233 791 1280 Doo.
809 1232 916 1279 Moneo:
943 1230 1039 1278 inseres

300 1320 403 1369 introire
414 1320 539 1370 neminem

234 1407 323 1468 Video,
335 1409 403 1458 exire
413 1409 554 1458 neminem:
572 1416 709 1458 matronam
721 1409 815 1457 nullam
823 1429 832 1474 :⁴
843 1407 869 1455 in
878 1407 971 1457 aedibus

235 1496 305 1546 Nihil
323 1496 414 1558 ornati,
433 1498 495 1547 nihil
506 1498 622 1546 tumultiz
642 1497 746 1546 accessi:
765 1496 934 1559 iutroaspexi.
966 1499 1039 1545 Pom.

300 1587 367 1648 Soio,

139 1667 142 1682 ⁴
236 1675 354 1736 Magnum
377 1675 481 1736 signum.
514 1677 579 1724 Duo.
609 1677 676 1724 Nom
700 1675 812 1724 videntur
832 1673 967 1724 ‘convenire
985 1675 1039 1723 lraec

301 1763 412 1827 nuptiis?

237 1856 306 1901 Pom.
334 1855 403 1914 Non,
422 1854 521 1917 opinor,
532 1855 607 1903 Dare.
640 1855 705 1905 Dor.
735 1855 841 1918 Opinor,
861 1859 965 1906 nonu?
987 1871 1038 1907 non

300 1950 366 1991 recte
377 1942 474 2003 accipis.

236 2032 359 2079 certares
370 2036 415 2079 est.
427 2030 507 2079 Etiam
520 2044 624 2091 puerum
635 2031 693 2079 inde
704 2031 789 2081 abiens
798 2020 904 2081 conveni
914 2034 1029 2085 Chromis

235 2119 320 2178 Olera,
332 2125 357 2166 et
366 2118 494 2180 pisciculos
505 2118 613 2167 minutos
625 2120 689 2167 ferre
698 2120 773 2168 obolo
781 2119 807 2167 in
815 2134 910 2169 coenam
920 2123 981 2171 seni.

238 2210 280 2257 Ol.
306 2206 432 2257 Liberatus
450 2222 504 2257 sum
524 2208 608 2269 hodie,
629 2211 706 2270 Dare,
727 2217 770 2259 tuo
790 2224 872 2273 opera.
916 2216 982 2264 Duo.
1000 2217 1037 2265 Ac

170 2366 171 2369 Ἴ
200 2290 201 2293 '
300 2300 382 2348 nullus
393 2299 500 2360 quidem.

236 2391 279 2437 el.
297 2388 427 2442 Quldita?
453 2402 543 2451 ,nempe
555 2387 613 2438 huic
623 2402 723 2451 prorsus
734 2389 804 2439 illam
815 2404 866 2439 non
878 2389 927 2440 dat.
971 2394 1037 2442 Dco.

300 2475 440 2525 Ridiculum
449 2479 534 2539 caput!
859 2528 865 2537 ,

235 2565 311 2621 Quasi
323 2578 420 2615 necesse
431 2565 472 2626 sit,
492 2564 513 2613 sl
532 2565 590 2614 hulc
606 2580 657 2614 non
677 2566 729 2626 dot,
744 2576 770 2616 oe
785 2568 854 2616 illum
871 2583 975 2617 uxorem
988 2569 1035 2619 du-

299 2666 368 2702 cere:

235 2743 289 2793 Nisi
311 2742 390 2803 vides,
413 2742 459 2791 nisi
480 2742 545 2792 senis
566 2743 658 2794 amicos
679 2758 745 2806 oras,
763 2746 850 2796 ambis.
904 2750 948 2797 cl.
965 2751 1037 2799 Bene

299 2847 394 2882 mones.

234 2924 278 2972 lbo
289 2942 297 2985 ;
315 2922 361 2971 etsi
370 2922 453 2970 hercle
465 2934 527 2985 saepe
535 2922 588 2981 lom
599 2936 640 2971 me
651 2935 706 2985 spes
717 2923 835 2973 frustrato
845 2933 889 2975 est.
921 2928 990 2977 Vale.
