2459 3800
430 472 542 529 Ac'rus
558 478 589 527 V.
630 477 740 526 scatia
757 477 778 524 1.
958 475 1006 522 227

192 622 251 668 De.
266 617 762 669 Tulutereasrestimduttanssaltabis.
796 617 843 666 Mi.
860 616 949 665 Probe·
1010 621 1015 654 ¹

193 710 251 758 De.
267 709 364 758 Probe?
398 710 446 758 Mi.
463 711 496 758 Et
513 706 680 758 tui'nobiseum
697 721 758 770 una,
775 707 796 757 si
814 703 876 770 op'us
886 702 926 756 sit‘.
958 704 1007 750 De.

109 854 115 863 ,
267 795 402 845 Heimihi!
504 853 508 858 ¹
571 851 576 859 ,
682 813 690 848 ·,
871 833 873 836 -
947 791 949 796 ’

143 917 148 924 ,
193 885 481 950 Nontehaecpudeut?
516 887 563 935 Mi.
579 886 638 935 Jam
649 899 706 935 vero
716 884 813 947 omitte,
822 867 924 943 Demea,
1002 885 1005 894 ¹

195 975 283 1023 Tuum
294 974 372 1023 istam
382 975 551 1024 iracundiam:
569 983 643 1038 atque
654 975 689 1025 ita
699 975 736 1025 uti
747 975 828 1036 decet,

197 1061 318 1111 Hilarum
330 1077 358 1112 ac
368 1064 494 1113 lubentem
506 1064 545 1113 fac
555 1073 580 1113 te
591 1064 658 1126 gnati
669 1064 805 1128 innuptiis.

195 1151 256 1212 Ego
267 1152 313 1200 hus
323 1151 481 1202 conveniam:
498 1159 554 1214 post
564 1153 612 1201 liuc
624 1153 715 1202 redeo?
740 1154 788 1202 De.
806 1153 828 1202 0
840 1150 965 1214 luppiter,

198 1240 332 1290 Hunccine
341 1241 432 1290 vitam!
450 1241 551 1291 hoscine
560 1244 658 1292 mores!
677 1242 740 1291 hauc
751 1237 915 1292 dementiam!

197 1331 276 1380 Uxor
287 1328 341 1379 siue
352 1330 410 1380 dote
419 1331 517 1381 veniet:
536 1331 603 1380 intus
613 1331 715 1395 psaltria
725 1339 777 1380 est:

196 1421 299 1470 Domus
309 1427 449 1469 sumtuosa:
466 1420 609 1470 adolescens
620 1421 682 1469 luxu
694 1420 801 1483 perditus
812 1441 818 1470 ι

198 1510 286 1559 Senex
296 1509 413 1559 delirans.
430 1511 495 1572 ipsa,
506 1509 631 1574 simplat,
642 1511 714 1560 Salus

200 1598 309 1648 Servare
317 1613 418 1664 prorsus
429 1613 481 1650 non
490 1600 643 1663 putesthanc
651 1597 780 1650 familiam.

432 2024 544 2089 aeuus
561 2026 592 2075 v.
626 2024 734 2089 sesua
753 1988 773 2072 i.

492 2140 588 2188 Suaus.
621 2140 725 2187 Demsi.

198 2232 332 2294 AEussou,
343 2231 449 2298 Syrisce,
459 2243 484 2285 te
493 2237 586 2287 curasti
596 2237 723 2300 molliter,v

198 2322 330 2385 Lauteque
340 2314 431 2373 muuus
439 2312 616 2377 administrasti
625 2312 705 2377 tuum.
732 2327 736 2338 '

196 2410 267 2461 Abi:
284 2412 328 2461 sed
338 2420 466 2477 postquam
474 2414 540 2464 inam
552 2430 607 2464 sum
619 2401 729 2465 omnium
741 2430 824 2466 rerum
832 2423 910 2475 satur,

199 2500 412 2551 Prodeambulare
423 2503 471 2551 huc
482 2503 580 2553 libitum
592 2512 637 2553 est
670 2506 717 2554 De.
736 2504 801 2555 lllud
812 2504 845 2555 sle
856 2504 911 2552 vide

198 2591 353 2653 Exemplum
365 2590 509 2655 discipline.
543 2595 586 2654 Sy.
603 2594 666 2645 Ecce
681 2602 763 2644 autem
774 2594 815 2643 hic
827 2594 896 2661 adest

200 2678 288 2728 Senex
300 2688 394 2730 noster.
410 2680 477 2734 Quid
492 2681 536 2730 fit?
554 2682 613 2745 quid
629 2689 657 2732 tu
668 2696 694 2732 es
705 2682 803 2732 tristis?
838 2684 886 2729 De.
903 2679 945 2730 Oh
956 2692 1009 2727 scu·

268 2768 322 2817 lus!

201 2860 247 2919 Sy.
265 2857 333 2919 ohe,
340 2860 395 2919 jam
405 2866 432 2908 tu
442 2862 517 2911 verba
527 2860 610 2911 fundis
621 2860 672 2924 hic,
681 2862 818 2926 sapientia?

203 2944 256 2993 De.
272 2946 339 2993 'lun’
358 2946 380 2995 si
390 2960 461 2996 meus
472 2952 558 2999 esses?
594 2952 637 3013 Sp.
654 2951 698 3001 Dis
710 2951 808 3013 quidem
819 2964 894 3012 esses,
906 2952 1008 3013 Demea,

202 3036 242 3083 Ac
252 3042 322 3085 tuam
332 3052 386 3089 rem
396 3034 586 3092 constabilimus.
613 3047 666 3095 ‘Da
684 3035 832 3110 Esemplum
844 3046 960 3109 omuibus

204 3123 326 3177 curarem
334 3135 442 3205 uteases.
458 3133 501 3193 Sp.
509 3134 693 3189 Quamobrem?
712 3136 772 3201 quid
779 3136 842 3188 ieci?
859 3139 907 3189 De.
918 3135 1013 3200 uagas?
