2459 3800
433 438 544 490 ACTUS
562 439 581 487 l.
614 438 725 488 scuNA
742 438 762 485 1.
978 438 995 484 ll

191 583 229 632 lix
238 582 326 632 Andro
334 582 503 646 commigravit
513 584 561 633 huc
568 582 675 644 viciniae,

193 671 289 735 Inopia,
302 679 328 720 et
337 680 497 734 cognatorum
507 672 657 734 negligentia

193 761 293 823 Coacta,
303 763 399 824 egregia
409 763 499 824 forma,
512 771 583 825 atque
594 769 666 812 aetete
674 761 776 824 integra

192 852 232 899 So.
252 851 300 899 Hei
310 865 404 912 vereor,
414 866 445 900 ne
457 851 516 914 quid
526 851 621 901 Andria
627 859 739 916 apportet
748 852 817 902 mali.

191 942 226 989 Sl.
244 940 357 990 Primum
368 942 420 990 haec
431 941 517 1004 pudice
527 942 598 991 vitam
602 979 610 1004 ‚
623 957 704 1006 parce,
714 955 744 992 oc
755 942 849 991 duriter

190 1030 296 1091 Agebat,
307 1031 365 1078 lana
376 1044 404 1079 ac
414 1031 464 1093 tela
472 1031 562 1079 victum
574 1030 720 1093 quaeritans:
752 1015 757 1019 ”

191 1117 238 1167 Sed
249 1125 378 1181 postquam
388 1132 472 1168 amans
484 1118 595 1179 accessit,
602 1119 712 1181 pretium
719 1117 851 1182 pollicens,

188 1209 261 1257 Unus
272 1215 298 1256 et
308 1207 368 1256 item
377 1209 451 1269 alter,
465 1222 507 1258 rm
517 1217 547 1258 ut
556 1209 684 1270 ingenium
693 1216 733 1258 est
743 1207 858 1262 omnium

191 1296 339 1359 Hominum,
347 1312 363 1347 a
372 1299 459 1348 labore
470 1298 577 1362 proclive
589 1297 621 1346 ad
632 1298 771 1359 libidinem,

187 1386 290 1449 Accepit
299 1386 476 1448 conditionem,
488 1385 545 1436 dein
553 1395 673 1450 quaestum
682 1387 780 1449 occipit.

190 1474 239 1529 Qui
250 1482 304 1524 tum
313 1474 383 1524 illam
394 1477 518 1538 amabant,
530 1477 604 1537 forte,
616 1476 652 1525 ita
664 1484 691 1525 ut
698 1477 737 1536 lit,
749 1475 830 1524 fillum

190 1565 331 1616 Perduxere
341 1567 412 1627 illuc,
423 1581 504 1616 secum
515 1575 544 1616 ut
555 1581 604 1616 una
617 1574 692 1626 esset,
704 1580 797 1614 meum.

188 1657 293 1717 Egomet
301 1655 419 1705 continuo
431 1671 545 1719 mecum3
564 1659 637 1706 Certe
648 1664 734 1719 captus
744 1663 794 1718 cst,

189 1749 283 1797 Habet!
299 1748 458 1797 observabam
469 1761 542 1796 mane
551 1748 655 1797 illorum
665 1749 776 1810 servulos

188 1836 331 1901 Venienteis
343 1845 385 1886 aut
393 1837 532 1886 abeunteis:
552 1837 698 1898 rogitabam,
711 1840 779 1886 Heus
790 1850 861 1901 puer,

186 1926 233 1976 Dic
241 1928 324 1989 sodes,
335 1926 390 1990 quis
402 1926 456 1975 heri
468 1927 612 1991 Chrysidem
624 1928 729 1978 habuit?
750 1942 809 1977 nam
825 1925 929 1976 Andriae

188 2016 229 2065 illi
249 2016 275 2065 id
293 2024 347 2066 erat
365 2030 463 2065 nomen.
509 2019 551 2066 So.
567 2018 660 2067 'l'eueo
704 2020 740 2067 Si.
769 2017 918 2077 Phaedrum,
947 2022 990 2065 aut

254 2104 360 2155 Cliniam

186 2195 315 2255 Dicebant,
327 2202 370 2244 aut
376 2194 517 2245 Niceratum
529 2216 537 2259 ;
555 2210 612 2245 nam
623 2196 650 2245 hi
661 2205 711 2247 tres
720 2203 775 2247 tum
784 2195 859 2246 simul

186 2286 317 2334 Amabant.
350 2284 416 2346 Eho,
428 2284 487 2347 quid
499 2285 663 2348 Pamphilus?
683 2286 771 2341 Quid?
791 2286 928 2350 symbolam
950 2344 954 2348 Δ

186 2375 270 2437 Dedit,
280 2372 393 2424 coenavit.
426 2375 577 2423 Gaudebam.
612 2377 674 2424 item
684 2376 734 2425 alio
745 2375 785 2424 die

185 2463 348 2516 Quaerebam:
366 2464 546 2525 comperiebam
558 2463 660 2512 nihilad
673 2464 829 2528 Pamphilum

184 2551 323 2614 Quidquam
333 2552 446 2602 attinere.
473 2552 605 2601 Enimvero
616 2560 751 2615 spectatum
765 2551 824 2601 satis

183 2643 315 2704 Putabam,
327 2650 352 2692 et
362 2656 477 2704 magnum
489 2643 633 2705 exemplum
643 2641 810 2692 continentiae.

183 2734 249 2781 Nam
258 2731 300 2795 qui
310 2747 367 2781 cum
379 2732 483 2794 ingeniis
493 2733 648 2783 conflictatur
658 2732 790 2794 ejusmodi,

183 2823 270 2884 Neque
280 2829 448 2871 commoretur
456 2822 553 2872 animus
564 2823 590 2871 in
599 2837 629 2872 ea
639 2837 667 2872 re
677 2830 772 2883 tamen,

184 2909 252 2959 Scias
263 2924 334 2973 posse
345 2910 435 2961 habere
442 2912 495 2972 jam
504 2911 584 2975 ipsum
596 2926 646 2962 suae
655 2911 711 2961 vite
718 2911 827 2961 modum.

181 3001 244 3050 Cum
256 2999 281 3049 id
290 3000 354 3069 ¹mibi
362 3002 482 3064 placebat,
493 3009 546 3052 tum
558 3017 608 3051 uno
620 3016 664 3052 ore
674 3016 762 3053 omues
771 3001 856 3053 omnia

181 3093 254 3141 Bona
264 3091 355 3154 dicere,
367 3100 392 3142 et
398 3093 499 3143 laudare
511 3093 622 3144 fortunas
631 3107 708 3155 meas,
