2459 3800
383 463 499 540 Acaus'
512 491 543 540 v.
576 491 687 541 scam
703 473 772 542 vm.
937 494 985 543 111

178 624 280 690 Colere,
290 626 414 690 adiuvare,
425 629 566 691 adiungere.
598 631 642 678 AE.
660 631 698 679 lta
708 643 801 696 quaeso,
812 636 888 692 pater.

180 718 229 767 Mi.
247 719 314 767 Haut
324 719 396 768 aliter
406 733 503 768 censeo.
535 721 584 768 De.
600 720 654 768 lmo
665 719 749 768 hercle
760 719 795 768 ita
805 719 876 770 nobis
887 719 965 770 decet.

181 806 294 857 Primum
302 808 376 870 hujus
385 809 471 858 uxoria
483 816 522 858 est
532 815 618 857 mater.
650 811 697 857 Mi.
715 808 779 864 Quid
788 808 889 872 postea?
937 815 941 828 ¹

182 897 232 945 De.
249 897 331 946 Proba
348 904 375 946 et
390 897 510 946 modoeta.
541 899 645 955 1111111
661 897 737 947 aiunt.
769 900 818 947 De.
836 899 988 960 Natugmn·

249 985 313 1035 dior.

183 1076 232 1123 Mi.
249 1075 313 1124 Soio.
345 1079 394 1125 De.
411 1079 501 1126 Parere
509 1079 562 1138 J'am
570 1076 614 1126 diu
624 1077 675 1126 hoeo
686 1092 730 1140 per
741 1091 819 1128 anuos
833 1092 882 1127 non
894 1085 989 1142 potest:

184 1164 248 1224 Nee,
260 1163 302 1226 qui
313 1178 369 1213 eam
380 1165 504 1228 respiciat,
515 1153 643 1229 quiequam
651 1175 704 1216 eat:
721 1166 815 1217 sola’st.
848 1169 896 1217 Mi.
908 1170 989 1223 Quam

248 1253 353 1303 hierem
361 1255 430 1317 agit?

185 1344 231 1392 De.
260 1345 331 1393 Hane
348 1351 373 1393 te
393 1346 523 1408 equom'st
538 1346 641 1395 ducere:
668 1354 693 1395 et
710 1355 735 1396 te
751 1359 861 1409 operam,
885 1352 914 1394 ut
936 1345 990 1405 fiat,

247 1435 315 1485 dm·
408 1457 411 1462 Ι
709 1419 714 1424 .

184 1525 232 1573 Mi.
254 1526 297 1573 Me
311 1525 401 1574 ducere
420 1528 519 1577 antemi
560 1528 605 1575 De.
629 1528 674 1576 Te.
718 1527 764 1574 Mi.
784 1527 841 1574 Me!
881 1526 930 1574 111.
953 1525 990 1573 Te

250 1612 361 1676 inquam.
393 1617 440 1664 Mi.
473 1615 573 1678 ineptis.
607 1613 881 1673 111811111111101110,

187 1699 234 1750 Hie
251 1701 332 1751 faciat-
365 1705 409 1752 AE.
429 1703 467 1753 Mi
487 1712 564 1766 pater.
597 1705 645 1753 Mi.
662 1703 806 1758 Quidem
827 1701 895 1763 huic,
913 1700 991 1760 asine,

250 1793 394 1841 auscultas?
430 1794 478 1842 De.
495 1792 641 1854 Nihilagis:

186 1870 340 1931 Fierialiter
357 1895 409 1931 non
425 1889 513 1945 potem.
546 1883 593 1931 Mi.
609 1881 715 1931 Deliras.
748 1881 792 1930 AE.
812 1878 871 1930 Sine
888 1886 914 1929 te
930 1891 991 1929 exo·

251 1985 316 2032 rem,
327 1971 363 2019 mi
371 1979 448 2035 pater.
652 1974 655 1979 '

188 2060 235 2109 Mi.
263 2059 377 2108 insanis?
405 2060 483 2109 aufer.
524 2062 573 2109 De.
588 2062 651 2121 Age,
671 2060 703 2109 da
722 2060 817 2111 veniam
839 2060 900 2109 filio.
945 2060 992 2109 Mi.

256 2148 335 2197 Satin’
347 2162 421 2197 sanus
431 2151 476 2197 ea?
496 2162 541 2210 ego

188 2238 274 2286 Novus
286 2237 388 2287 maritus
398 2252 465 2287 anno
476 2238 574 2287 demam
586 2237 672 2301 quinto
684 2246 708 2289 et
718 2238 870 2302 sexagesimo

189 2331 274 2380 Fiam!
293 2336 367 2391 atque
376 2342 451 2377 anum
460 2326 609 2396 decrepitam
619 2326 723 2378 ducam!
746 2328 804 2377 idne
815 2327 873 2377 estis
884 2334 996 2377 auctores

253 2419 335 2469 mihi?

192 2512 235 2560 AE.
252 2512 313 2560 Fac:
330 2507 432 2572 promisi
448 2521 493 2569 ego
504 2506 563 2556 illis.
596 2508 644 2556 Mi.
660 2506 776 2556 Promisti
792 2506 895 2555 autem?
923 2504 954 2553 de
971 2510 996 2552 te

254 2598 367 2661 largitor,
378 2612 447 2661 puer.

192 2691 241 2739 111.
258 2689 321 2749 Age,
332 2686 409 2749 quid?
435 2684 530 2748 siquid
544 2686 662 2745 tamajus
680 2685 752 2733 oret?
788 2684 836 2731 Mi.
853 2680 929 2735 Quasi
945 2694 996 2731 non

258 2778 306 2826 hoc
316 2776 350 2826 eit
359 2789 511 2825 maxumum.
733 2827 736 2833 .

194 2868 241 2914 De.
258 2867 296 2914 Da
317 2864 424 2913 veniam.
456 2866 499 2912 AE.
524 2866 564 2913 Ne
585 2876 692 2925 gravere.
724 2864 773 2911 De.
797 2858 854 2921 Fae,
874 2858 998 2923 promitio.

258 2956 304 3002 Mi.
321 2956 380 3003 Non
390 2952 503 3002 omittis?

195 3043 240 3091 AE.
256 3044 325 3102 Non,
343 3041 546 3091 nisiteexorem.
578 3039 681 3090 Mivis
697 3036 918 3101 aethaeoquidem.
950 3039 998 3085 De.

252 3132 321 3194 Age3
343 3129 450 3193 prolixe,
461 3129 546 3179 Micio.
