2459 3800
389 487 501 538 AUPUS
513 487 560 537 111.
594 488 706 538 SCENA
717 482 761 538 IV.
940 489 988 539 267

172 632 252 686 Quem
264 641 309 691 ego
328 635 383 678 tum
394 628 501 679 coneilio
511 627 615 679 missum
626 628 685 690 feei,
697 629 763 679 idem
773 643 840 678 nunc
850 628 909 680 huic
919 643 979 694 ope·

237 733 291 768 ram
303 717 378 768 dabo.
766 720 770 728 '
917 719 921 724 ’

172 807 248 858 Adest
260 809 449 857 Parmenonem
460 806 558 871 pueris:
576 808 644 858 huno
655 807 790 858 minime'et
801 821 864 872 opus

174 899 203 947 ln
212 899 258 947 hao
269 911 296 949 re
304 897 402 948 edesse:
420 911 480 946 nam
491 897 552 947 olim
563 897 611 947 noli
624 897 730 959 credidi,
770 925 774 934 ·

173 988 261 1036 Eume
272 985 419 1036 abstinuisse
428 985 454 1035 in
465 985 598 1049 principio,
609 1001 666 1035 enm
675 981 733 1035 duta
744 994 798 1036 eat:
897 1022 900 1026 -

175 1079 279 1138 Vereor,
292 1075 313 1126 el
325 1077 458 1126 clamorem
470 1079 522 1139 ejus
534 1077 574 1126 hie
584 1079 671 1127 erebro
682 1077 775 1139 audiat,

176 1167 216 1216 Ne
227 1165 349 1230 parturire
360 1165 495 1228 intelligat:
514 1167 597 1228 aliquo
607 1166 669 1216 mibi
679 1174 718 1216 eet

176 1255 242 1305 ilino
251 1254 412 1318 ablegandus,
424 1253 483 1304 dum
494 1255 558 1318 parit
569 1254 729 1304 Philumena.

404 1499 516 1549 acuns
530 1499 576 1549 111.
609 1475 777 1549 sonnlw.

351 1615 495 1662 Panuaao.
529 1613 617 1662 soum.
650 1613 815 1660 Pamefflnoo.

177 1715 240 1764 ΑΝ
253 1722 291 1776 tu,
303 1713 348 1763 tibi
359 1713 407 1763 boc
418 1712 604 1763 incommodum
614 1710 725 1760 evenisse
736 1710 783 1760 iaer
795 1712 806 1758 i

179 1807 221 1854 So.
238 1806 297 1854 Non
306 1804 392 1853 hercle
403 1802 493 1864 verbis,
505 1805 640 1862 Parmeno,
652 1801 700 1850 dici
710 1807 792 1864 potent

177 1896 299 1956 Tanaum,
307 1908 381 1957 quam
392 1910 419 1944 re
431 1893 483 1957 ipsa
494 1892 608 1955 navigare
621 1886 846 1948 incommodnm'ot.

181 1986 242 2034 Por.
259 1985 328 2033 itane
339 1985 395 2032 est?
431 1985 472 2033 So.
490 1982 661 2040 ofortunaee,
673 1979 753 2029 neonis
762 1978 822 2042 quid
831 1977 890 2027 mali

183 2072 343 2134 Praeterieris,
354 2072 395 2135 qui
404 2085 529 2134 nunquam
543 2086 569 2120 ee
581 2070 705 2133 ingressus
715 2083 792 2118 mare.

183 2164 248 2212 Nam
259 2161 318 2211 alias
328 2168 356 2211 ut
367 2160 464 2209 mittam
475 2159 598 2220 miserias,
609 2173 684 2208 unam
696 2160 759 2207 hanc
770 2157 839 2207 vide:

183 2253 242 2304 Dies
253 2250 363 2314 triginta,
374 2251 478 2313 autplue
490 2264 530 2310 eo,
542 2248 568 2298 ln
580 2248 638 2297 navi
649 2248 699 2309 lui,-

185 2343 249 2393 Cum
258 2343 352 2393 interea
362 2354 458 2406 semper
466 2348 572 2390 mortem
583 2340 755 2402 exspocmbam
766 2337 840 2386 mieer
851 2358 857 2385 :

186 2433 310 2493 laeuoque
322 2430 578 2492 advornatempeetabe
589 2428 730 2477 ualeamus.
916 2471 921 2477 .

186 2524 246 2570 Por.
264 2520 392 2571 Odiosum.
426 2520 467 2568 So.
487 2520 554 2567 Haut
572 2518 638 2566 clam
655 2530 696 2565 me
713 2522 766 2565 eet:
786 2512 892 2577 denique
908 2512 991 2561 berole

252 2610 388 2673 aufugerim

187 2700 282 2761 Potius,
292 2714 365 2763 quem
373 2699 472 2748 redeam
475 2734 484 2759 ,
496 2697 518 2746 ni
529 2711 560 2747 eo
571 2694 634 2745 mihi
642 2692 795 2743 redeundum
807 2692 862 2742 elea.
947 2697 954 2705 ⁴

187 2794 248 2841 Por.
265 2790 333 2839 Olim
344 2789 443 2853 quidem
454 2795 479 2837 te
488 2800 567 2837 causae
575 2784 735 2849 imwllebant
742 2784 819 2844 leven,

189 2878 262 2933 Quod
272 2892 338 2927 nunc
348 2876 463 2926 minitare
475 2876 567 2935 facere,
578 2881 606 2923 ut
615 2874 720 2933 facem,
733 2871 814 2922 Sosia

191 2964 240 3014 Sed
251 2964 407 3030 Pamphilum
419 2964 499 3029 ipsum
510 2963 582 3013 video
593 2971 658 3013 stare
670 2968 727 3012 ante
739 2962 830 3012 ostium
840 2980 846 3010 ε
875 2971 880 2977 '

192 3054 228 3111 Ite
238 3052 320 3103 intro:
337 3070 382 3117 ego
393 3056 460 3105 hunc
471 3053 554 3115 adibo,
568 3052 589 3103 ai
600 3052 660 3116 quid
671 3066 711 3101 me
723 3051 790 3100 velit.
