2459 3800
235 503 283 551 214
449 501 477 549 P.
492 499 654 549 TERENTH
671 502 829 551 ADELPHL

235 644 269 693 Et
284 641 348 691 illud
363 656 406 690 rus
426 642 496 690 nulla
515 641 565 690 alia
587 654 662 691 causa
683 649 734 690 tam
757 643 821 691 male
841 640 894 702 odi,
914 640 962 691 nisi
984 641 1041 703 quia

300 733 422 793 prope'st:

235 819 310 874 Quod
320 819 341 868 si
352 821 448 868 abesam
458 817 566 879 longius,

235 906 308 956 Prius
331 921 382 954 nox
403 907 564 969 oppressisset
583 905 646 966 illic,
676 920 750 968 quam
772 907 820 954 hue
843 905 934 955 revorti
956 913 1040 970 posset

297 994 397 1043 iterum.

234 1085 307 1134 Nunc
325 1083 367 1131 ubi
387 1096 428 1130 me
448 1081 500 1131 illio
520 1096 570 1130 non
592 1080 694 1142 videbit,
711 1085 766 1143 jam
786 1084 835 1132 huo
855 1090 976 1142 recurret,
999 1090 1039 1132 sat
1068 1139 1073 1146 ,

196 1210 199 1216 .
297 1161 361 1220 soio.⁴

232 1257 357 1321 Rogitabit
366 1271 417 1318 me,
428 1257 471 1307 nbi
481 1257 588 1307 fuerim:
605 1271 678 1320 quem
697 1272 742 1320 ego
762 1258 835 1308 hodie
852 1265 906 1308 toto
916 1273 968 1308 non
986 1257 1037 1308 vidi

295 1348 344 1396 die.

231 1436 297 1492 Quid
316 1436 416 1485 dicam?
458 1439 500 1499 Sp.
517 1435 620 1485 Nihilne
640 1437 666 1485 in
688 1443 797 1485 mentem
817 1439 872 1486 eat?
908 1439 947 1486 Gt.
963 1440 1036 1487 Nun·

296 1539 370 1586 quam
380 1523 518 1587 quicquam.
551 1528 593 1585 Sy.
609 1527 692 1573 Tanto
704 1525 817 1586 nequior.

231 1612 326 1674 cliens,
336 1612 440 1673 amicus,
457 1613 556 1675 hospes,
574 1613 682 1661 nemo'st
692 1611 782 1661 vobis?
820 1613 858 1662 Oe.
876 1615 955 1663 Sunt:
975 1613 1034 1676 quid

292 1703 397 1763 postea?

227 1791 270 1850 Sy.
287 1788 361 1838 Hisce
368 1803 443 1852 opera
452 1797 480 1838 ut
490 1790 547 1838 data
556 1789 597 1838 ait.
632 1790 670 1836 Gt.
688 1791 749 1842 Quae
762 1803 812 1837 non
824 1789 940 1841 datasit?
975 1793 1032 1840 Non

292 1882 373 1939 potest
383 1877 446 1926 fieri.
479 1879 521 1938 Sy.
534 1879 627 1926 Potest.

228 1964 267 2013 Gt.
290 1964 415 2013 interdiu:
444 1965 487 2013 sed
506 1963 527 2013 si
547 1964 588 2015 hic
612 1976 741 2030 pernooto,
764 1981 843 2017 causae
863 1967 922 2029 quid
941 1967 1031 2029 dicam,

292 2054 371 2113 Syre?

226 2142 269 2199 Sy.
285 2139 353 2188 Vah!
371 2153 444 2200 quam
465 2140 555 2190 vellem
569 2141 644 2191 etiam
665 2150 738 2191 noctu
756 2141 841 2192 amicis
858 2157 958 2206 operam
976 2158 1030 2193 mos

290 2223 430 2275 essetdm.

225 2314 291 2372 Quin
302 2322 331 2364 tu
341 2315 434 2365 otiosus
445 2330 471 2365 es
483 2338 489 2367 :
506 2332 551 2379 ego
561 2318 630 2367 illius
641 2333 739 2368 sensum
753 2318 855 2381 pulchre
867 2321 954 2369 calleo.

224 2405 288 2453 Cum
307 2403 380 2453 fervit
396 2417 521 2466 maxume,
540 2414 592 2455 tam
611 2407 746 2470 placidum,
768 2422 841 2470 quam
858 2421 929 2456 orem
945 2408 1030 2459 reddo.

290 2493 329 2541 Gt.
346 2494 507 2546 Quomodo?

223 2582 266 2641 Sp.
283 2579 417 2629 Laudarier
439 2588 464 2629 te
484 2581 554 2631 audit
574 2582 700 2647 libenter3
730 2583 794 2633 facio
822 2592 846 2633 ue
869 2584 932 2647 apud
952 2586 1024 2634 illum

287 2669 384 2717 Deum:

220 2754 330 2804 Virtutes
339 2769 423 2804 narro.
457 2757 495 2805 Gt.
513 2759 602 2807 Meas?
638 2762 679 2821 Sy.
696 2762 777 2809 Tuas:
795 2759 891 2809 homini
906 2762 974 2812 illico
987 2764 1023 2811 la-

285 2856 376 2892 crumas
386 2843 487 2905 cadunt,

222 2930 297 2983 Quasi
308 2944 396 2993 puero,
407 2932 497 2993 gaudio
508 2955 514 2983 ι
532 2934 590 2983 hem
600 2933 645 2984 tibi
656 2940 754 2987 autem!
783 2938 822 2989 Gt.
832 2938 954 2993 Quidnam
966 2944 1003 2987 est
1017 2940 1027 2987 i

286 3020 327 3078 Sy.
346 3021 427 3083 Lupus
439 3020 464 3069 in
477 3021 569 3071 fabula.
