2459 3800
415 510 526 560 AGTUS
544 512 564 560 1.
604 507 714 561 SCBNA
731 512 764 560 ll.
960 506 992 561 67

186 646 284 697 Accede
295 647 326 697 ad
334 647 418 711 ignem
429 650 506 713 hunc,
512 653 566 713 J‘am
577 653 682 702 calesces
693 654 749 716 plus
761 651 829 702 satis.

189 739 236 786 Tb.
253 737 314 792 Quis
326 738 367 788 hic
379 739 508 800 loquitur?
528 741 596 803 hem,
616 743 670 790 tun'
681 741 723 790 hic
734 755 799 802 eras,
810 740 846 789 mi
857 740 990 790 Phaedria?

185 825 254 880 Quid
262 827 301 876 hic
313 829 415 878 stabas?
435 841 479 878 cur
489 845 540 879 non
552 830 769 880 rectaintroibas?
797 833 858 879 Por.
870 832 994 880 Caeterum

186 918 225 964 De
236 917 377 967 exclusione
387 919 488 968 verbum
501 919 606 968 nicilum.
642 921 688 968 Tb.
699 919 767 973 Quid
778 921 862 990 taces?

187 1008 234 1054 Pb.
252 1008 326 1068 Sane,
339 1007 395 1070 quia
405 1021 463 1058 vero
473 1010 512 1058 hae
524 1009 586 1057 mihi
598 1016 684 1072 petent
694 1023 790 1073 semper
801 1010 884 1060 fores:

186 1096 239 1144 Aut
248 1096 305 1157 quia
316 1110 371 1144 sum
381 1097 446 1160 apud
457 1105 482 1152 te
492 1097 594 1160 primus.
631 1101 677 1147 Tb.
694 1099 772 1148 Missa
781 1098 849 1148 istaec
858 1099 921 1170 face.

185 1185 233 1231 Pb.
248 1184 323 1246 Quid,
335 1184 426 1236 missa?
445 1187 467 1236 Ο
478 1187 566 1246 Thais,
580 1186 667 1245 Thais,
679 1187 773 1236 utinam
785 1187 920 1238 essetmibi

187 1274 248 1321 Pars
259 1286 328 1334 equa
336 1273 428 1322 amoris
440 1281 533 1336 tecum,
545 1289 573 1324 ac
584 1276 676 1338 pariter
686 1277 768 1337 fieret,

188 1361 278 1410 Ut-aut
289 1363 336 1412 hoc
347 1362 393 1411 tibi
403 1362 498 1414 doleret
507 1365 605 1426 itidem,
616 1373 646 1414 ut
655 1365 717 1414 mibi
728 1366 812 1427 dolet3

185 1451 290 1512 Autego
301 1449 364 1500 istuc
374 1443 417 1500 abs
429 1459 454 1500 te
463 1453 556 1502 lactum
569 1451 642 1502 nihili
653 1454 795 1517 penderem.

189 1540 235 1588 Tb.
242 1549 245 1554 ·
252 1541 291 1588 Ne
302 1540 384 1594 crucia
396 1548 430 1602 te,
439 1543 552 1603 obsecro,
561 1542 644 1593 anime
654 1543 700 1603 mi,
711 1542 746 1593 mi
757 1542 877 1593 Phaedria.
967 1579 970 1583 -

185 1629 244 1680 Non
255 1629 308 1690 pol,
318 1644 367 1690 quo
377 1645 524 1694 quemquam
534 1633 591 1694 plus
601 1639 748 1692 amemsaut
755 1633 810 1696 plus
818 1633 929 1695 diligam,

188 1719 226 1766 Eo
237 1717 285 1766 feci
296 1739 301 1767 ι
320 1718 363 1767 sed
373 1719 408 1778 ita
419 1727 538 1790 eretres:
555 1721 698 1772 faciundum
706 1723 765 1771 tuit.

189 1809 250 1855 Por.
263 1807 353 1868 Credo,
365 1815 393 1857 ut
403 1809 441 1870 fit,
453 1809 543 1870 misera
554 1823 604 1872 prce
615 1823 700 1859 amore
709 1811 817 1860 exclusti
827 1813 893 1861 hunc
903 1814 977 1864 foras.

192 1897 238 1945 Tb.
255 1895 351 1947 Siccine
362 1897 408 1959 ais,
421 1900 560 1947 Parmeno?
578 1912 623 1960 age
634 1918 640 1947 ι
658 1898 713 1961 sed,
724 1901 772 1949 huc
783 1916 831 1963 qua
842 1903 920 1963 gratia

187 1966 537 2047 reaccessijussi,auscu1ca.
570 1990 618 2059 Pb.
635 1987 697 2036 Fiat
732 1990 777 2037 Tu
794 1990 914 2048 Dicmibi
942 2017 954 2026 ··

191 2077 246 2123 Hoc
265 2075 384 2138 primum,
408 2075 486 2137 potin’
503 2084 542 2125 est
562 2074 603 2124 hic
621 2078 719 2134 tacere?
752 2079 814 2127 Por.
825 2080 934 2140 ligone?
951 2092 996 2143 op-

203 2190 205 2197 .
254 2171 330 2213 dume.
842 2214 861 2223 „
920 2188 924 2193 ’

190 2254 283 2317 Verum
295 2254 357 2303 heus
367 2261 406 2315 tu,
417 2254 463 2304 bac
473 2256 527 2316 lege
538 2254 583 2303 tibi
595 2269 676 2305 meam
688 2256 796 2317 asningo
807 2256 899 2314 ridetur

192 2344 254 2397 Quae
265 2356 323 2391 vera
333 2338 424 2404 audivi,
436 2351 516 2405 taceo,
528 2351 553 2393 et
562 2344 678 2393 contineo
688 2353 788 2408 optume
798 2366 807 2407 ;
843 2358 846 2363 ·

194 2431 238 2481 Sin
247 2432 348 2493 falsum,
360 2440 514 2493 ceutronum,
526 2441 570 2483 aut
582 2434 710 2493 fictum’st,
722 2433 841 2482 continuo
851 2434 974 2497 pulam’st

192 2522 283 2570 Plenus
294 2522 413 2571 rimarum
424 2536 489 2589 sum,
501 2524 546 2571 hac
557 2530 631 2585 atque
641 2523 699 2571 illac
709 2522 813 2586 perfluo.

191 2612 277 2661 Proin’
288 2620 326 2672 tu,
336 2613 412 2661 taceri
423 2612 444 2661 si
455 2612 502 2673 vis,
514 2626 570 2661 vere
580 2612 664 2663 dicito.

197 2702 243 2750 Tb.
260 2701 343 2751 Samia
354 2701 415 2750 mihi
427 2702 578 2756 materfuit:
597 2701 760 2751 cohabitabat
771 2700 861 2756 Rhodi.

195 2794 257 2840 Por.
275 2793 361 2842 Potest
370 2793 447 2842 taceri
457 2792 514 2841 hoc.
550 2794 595 2840 Tb.
614 2792 652 2840 lbi
663 2799 717 2841 tum
727 2791 801 2839 matri
811 2790 936 2853 parvolam

196 2881 308 2929 Puellam
319 2882 386 2930 dono
397 2882 496 2943 quidam
507 2889 629 2931 mercator
639 2880 716 2941 dedit,
808 2920 811 2925 .

197 2970 236 3017 Ex
245 2970 328 3019 Attica
338 2971 396 3019 hinc
406 2972 541 3033 abreptam.
566 2974 623 3019 Por.
642 2971 779 3021 Civemnei
816 2974 861 3020 Tb.
873 2970 987 3021 Arbitror
999 2990 1005 3019 ε

198 3060 298 3109 Certum
310 3074 361 3108 non
372 3060 462 3109 scimus
472 3081 477 3109 ι
497 3060 583 3109 matris
594 3074 686 3112 nomen
697 3069 723 3109 et
731 3062 808 3124 patris

198 3147 301 3199 Dicebat
311 3148 364 3213 ipsa
374 3169 380 3200 ι
399 3147 502 3213 patriam
514 3157 540 3199 et
550 3148 620 3211 signa
628 3156 717 3198 caetera
