2459 3800
397 443 515 494 ‘Aulus
534 444 553 491 l.
587 444 697 495 scitus
715 447 748 494 ll·
930 446 979 497 3⁰3

170 582 302 630 Paternum
315 579 422 630 amicum
433 596 473 630 me
483 581 632 632 assimulabo
643 581 762 644 virginis:
827 605 833 609 ·

168 668 208 717 Ad
216 668 311 730 judices
322 670 447 732 veniemus
458 692 463 720 :
482 671 524 733 qui
535 671 609 724 fuerit
620 679 699 735 pater,

170 760 232 812 Quae
244 767 332 820 mater,
344 760 386 822 qui
396 768 500 820 cognata
511 759 556 808 tibi
568 762 610 820 sit,
622 760 708 810 omnia
718 760 771 809 hac

172 848 316 909 Continuam
328 870 333 898 :
353 851 419 911 quod
426 850 474 898 erit
484 850 547 898 mihi
557 851 652 899 bonum
661 857 735 912 atque
746 848 916 911 commodum,

170 939 254 992 Quum
265 947 292 990 tu
302 940 391 990 horum
402 941 464 990 nihil
475 942 583 1001 refelles,
594 941 691 990 vincam
702 941 803 990 scilicet.

171 1029 243 1076 Pater
253 1027 346 1077 aderit:
365 1030 425 1078 mihi
438 1039 527 1092 parata
537 1031 593 1079 lites
605 1049 610 1078 :
628 1030 687 1093 quid
697 1034 771 1079 mea?

171 1118 219 1168 illa
229 1118 326 1180 quidem
338 1129 422 1168 nostra
433 1120 489 1168 erit.
522 1123 574 1170 Do.
590 1121 733 1170 Jocularem
743 1119 885 1169 audaciam!

173 1209 217 1256 Ge.
234 1210 359 1258 Persuasit
369 1210 480 1259 homiui:
499 1211 641 1258 factum‘st:
657 1212 804 1258 ventum'st:
821 1208 960 1260 vincimur:

80 1316 83 1322 ·
170 1297 255 1348 Duxit
288 1302 340 1350 Dc.
358 1301 423 1355 Quid
443 1303 549 1350 narras?
596 1303 640 1349 Ge.
658 1303 712 1350 Hoc
730 1300 798 1362 quod
815 1299 893 1349 audis.
925 1301 977 1350 Da.

239 1388 352 1438 OGetat

172 1475 239 1532 Quid
250 1484 275 1526 te
286 1478 451 1528 futurum’st?
482 1481 524 1528 Ge.
542 1479 633 1528 Nescio
645 1478 745 1527 hercle:
764 1492 841 1527 uuum
850 1478 898 1528 hoc
908 1477 977 1528 scio:

149 1563 158 1580 '
172 1567 245 1620 Quod
257 1567 309 1616 fors
319 1567 392 1628 feret,
404 1569 510 1617 feremus
523 1583 592 1630 aequo
604 1569 697 1617 auimo.
729 1570 782 1617 Du.
798 1569 900 1618 Placet:

172 1657 253 1704 Hem!
273 1656 336 1706 istuc
348 1657 427 1706 viri’st
443 1657 558 1706 officium.
595 1659 637 1706 Ge.
655 1659 685 1706 ln
701 1671 740 1707 me
753 1657 835 1706 omais
847 1671 903 1721 spes
914 1657 975 1708 mihi

238 1754 283 1796 est.

171 1841 224 1888 Da.
241 1838 332 1888 Laudo.
367 1840 410 1888 Ge.
427 1838 466 1888 Ad
477 1845 628 1904 precatorem
639 1837 725 1889 adeam
732 1837 818 1900 credo,
829 1837 871 1901 qui
884 1836 946 1886 mihi

174 1927 214 1977 Sic
225 1938 291 1979 oret:
310 1932 334 1978 N
337 1944 383 1979 orm
395 1930 479 1979 amitte
488 1944 570 1993 quaeso
581 1930 663 1978 hunc:
681 1936 797 1978 coctorum

174 2018 277 2068 Posthac
288 2019 309 2069 si
320 2018 460 2083 quicquam,
471 2018 536 2069 uihil
547 2034 643 2083 precor.
660 2019 846 2069 Tantummodo

173 2108 231 2155 Nou
242 2108 328 2157 addat:
347 2108 398 2159 Ubi
409 2123 454 2169 ego
465 2108 523 2157 hinc
535 2109 629 2171 abiero,
639 2110 678 2157 vel
688 2108 803 2159 occidito.
876 2143 880 2147 Α

172 2196 224 2244 Da.
241 2195 307 2251 Quid
318 2196 361 2246 ille
369 2196 523 2259 paedagogus,
535 2198 576 2259 qui
587 2197 781 2250 citharistriam?

173 2285 239 2340 Quid
260 2286 296 2335 rei
317 2286 399 2349 gerit?
438 2288 481 2337 Ge.
498 2287 550 2348 Sic,
571 2288 686 2337 tenuiter·
719 2290 771 2336 Da.
790 2288 846 2335 Nou
867 2288 974 2336 mulmm

203 2418 206 2423 .
233 2377 307 2426 habet
812 2394 815 2398 ·

173 2466 245 2522 Quod
256 2467 417 2517 detiortasse.
452 2437 498 2517 Ge:
514 2468 593 2516 Immo
604 2463 678 2524 nihil,
690 2462 738 2511 nisi
748 2476 817 2524 spem
830 2476 931 2511 meram.

172 2560 224 2608 Du.
236 2561 309 2609 Pater
320 2561 373 2621 ejus
384 2557 468 2619 rediit,
479 2572 562 2608 annon
574 2559 583 2604 ?
622 2557 665 2604 Ge.
677 2552 803 2603 Nondum.
829 2556 880 2602 Da.
893 2552 974 2607 Quid?

235 2664 318 2701 senem

173 2741 261 2796 Quoad
271 2740 417 2804 exspectatis
428 2747 538 2789 vostrum
549 2740 558 2787 ἓ
597 2738 640 2786 Ge.
658 2737 716 2785 Non
726 2741 822 2785 certum
833 2732 898 2782 scio:

173 2831 222 2880 Sed
232 2830 361 2894 epistolam
372 2831 403 2879 ab
414 2844 444 2879 eo
454 2830 553 2879 allatam
564 2840 618 2876 esse
628 2825 710 2875 audivi
719 2824 804 2884 modo,

173 2921 207 2971 Et
217 2919 248 2968 ad
259 2920 390 2983 portitores
402 2932 455 2968 esse
465 2918 588 2968 delatam:
606 2917 670 2966 hanc
681 2923 771 2981 petam.

176 3009 227 3056 Do.
242 3007 378 3069 Numquid,
389 3008 461 3066 Geta,
474 3006 540 3057 aliud
548 3021 588 3055 me
598 3006 653 3056 vis?
690 3008 733 3055 Ge.
751 3006 787 3054 Ut
796 3004 859 3052 beuc
869 2998 903 3049 sit
911 2996 965 3047 tibi.

179 3098 242 3145 Puer
254 3097 331 3148 heus!
348 3103 449 3148 nemon'
460 3099 509 3151 huc
520 3096 603 3164 prodit
614 3100 624 3147 i
643 3112 712 3163 cape,
724 3096 757 3147 da
770 3097 818 3145 hoc
830 3090 929 3178 Dorcio.
