2459 3800
239 437 272 484 28
460 437 488 482 P.
504 435 666 484 'FERENTH
683 434 820 484 nunaut.

242 574 347 626 Memini
357 575 439 626 videre
450 595 456 625 ι
474 590 524 638 quo
533 574 626 638 aequinr
637 589 692 625 eum
705 572 843 637 Pamphilo,

243 664 270 714 Si
282 679 308 714 se
320 663 425 713 illumin
437 665 541 726 somnis,
553 679 626 728 quam
637 665 720 725 illum,
730 661 846 727 amplecti
857 660 952 712 maluit.

242 753 412 814 Renunciab0‚
423 762 452 802 ut
462 768 507 816 pro
518 752 565 802 hoc
576 754 645 802 maio
656 753 718 802 mihi
730 753 771 801 det
782 753 883 800 maium.

463 981 574 1030 ACTUS
592 982 626 1030 ii.
658 981 768 1030 SCENA
785 980 828 1028 Vi.

549 1095 649 1142 Davus.
683 1064 763 1142 Simu.

226 1248 231 1255 .
248 1209 299 1256 Hic
317 1221 383 1256 nunc
395 1220 435 1254 me
445 1206 523 1256 credit
534 1207 642 1269 aliquam
653 1206 701 1256 tibi
711 1206 836 1257 fallaciam

248 1298 359 1357 Portare,
371 1304 436 1346 etea
446 1312 485 1346 me
495 1283 536 1346 hie
548 1297 667 1346 restitisse
677 1297 764 1359 gratia.
924 1349 927 1355 ,

246 1387 281 1436 Si.
310 1386 376 1441 Quid
397 1388 478 1438 Davus
500 1390 602 1437 narrat?
644 1390 710 1436 Dav.
729 1387 810 1448 AEque
832 1385 961 1448 quiequam
981 1399 1048 1433 nunc

313 1475 419 1538 quidem.
440 1478 443 1484 '

247 1569 283 1616 Si.
309 1565 428 1614 Nihilne?
454 1567 530 1615 hem!
574 1567 641 1614 Dav.
666 1564 736 1614 Nihil
763 1577 871 1628 prorsus.
911 1565 947 1612 Si.
972 1562 1049 1624 Atqui

314 1656 482 1718 exspectabam
494 1654 602 1716 quidem.

250 1745 316 1792 Dav.
346 1745 437 1793 Praeter
463 1756 531 1805 spem
558 1742 653 1792 evenit:
690 1742 790 1792 sentio:
817 1743 865 1791 hoc
887 1742 951 1790 male
976 1742 1052 1790 habet

318 1831 406 1880 virum.

251 1922 286 1969 Si.
304 1920 385 1969 Potin’
398 1933 424 1968 es
435 1918 595 1977 mihi-verum,
603 1918 706 1967 dicere?
741 1921 808 1967 Dav.
825 1918 896 1968 Nihil
905 1917 1010 1968 facilius.

252 2010 287 2056 Si.
305 2009 372 2055 Num
384 2006 421 2056 illi
432 2007 542 2058 molestae
554 2007 680 2069 quippiam
692 2008 731 2055 hae
741 2014 800 2057 eunt
808 2006 910 2071 nuptiae,

244 2076 813 2159 'Prupterhujnscehoapitaeconsuetudinem?
936 2162 939 2167 Ι

250 2190 316 2236 Dan.
334 2186 404 2235 Nihil
415 2185 510 2236 hercle:
529 2192 581 2245 aut,
593 2185 614 2234 si
624 2186 697 2245 adeo,
708 2185 776 2235 bidui
785 2193 833 2248 est,
844 2193 887 2235 aut
896 2186 971 2237 tridui

253 2276 311 2323 Haec
322 2274 463 2323 sollicitudo
474 2293 480 2324 ι
498 2273 577 2321 nosti:
596 2274 684 2322 deinde
695 2272 798 2323 desinet.

252 2362 351 2411 Etenim
362 2362 429 2424 ipsus
441 2376 523 2411 secum
534 2375 590 2434 eam
603 2377 656 2411 rem
669 2364 790 2425 reputavit
800 2362 848 2413 via.

254 2454 289 2501 Si.
318 2452 411 2502 handu.
456 2454 523 2501 Dav.
545 2454 611 2501 Dum
635 2452 730 2501 licitum
752 2461 791 2502 est
813 2452 848 2514 ei,
869 2452 977 2518 dumque
998 2462 1057 2504 etan

319 2537 388 2600 tulit,

254 2608 353 2678 Amavit
366 2650 371 2678 :
390 2635 442 2676 tum
453 2628 478 2677 id
488 2630 566 2678 clam:
586 2628 660 2691 cavit,
671 2644 703 2678 ne
714 2644 823 2692 unquam
834 2630 941 2681 infumiae
990 2627 992 2633 ’

252 2720 292 2767 Ea
302 2732 342 2767 res
353 2718 399 2767 sibi
409 2727 483 2781 esset,
494 2728 524 2771 ut
534 2719 615 2769 virum
627 2720 717 2769 fortem
728 2719 811 2769 decet:
882 2721 886 2727 '

256 2808 330 2857 Nunc
339 2822 415 2856 uxore
428 2822 490 2871 opus
502 2817 556 2859 eut:
576 2808 686 2858 animum
700 2809 731 2858 ad
741 2824 846 2859 uxorem
857 2810 959 2875 appulit.

257 2899 291 2945 Si.
309 2897 438 2960 Subnietis
448 2898 514 2948 vinus
525 2907 563 2948 est
574 2914 629 2949 esse
639 2898 819 2962 aliquantulum
828 2899 900 2949 mihi.
1005 2952 1008 2957 ,

257 2989 323 3037 Dav.
348 2987 417 3036 Nihil
435 2996 534 3052 propter
551 2990 614 3039 hanc
631 3004 701 3038 rem:
728 2989 773 3039 ned
790 2998 838 3051 est,
851 2990 917 3053 quod
933 3000 1059 3042 succenset

322 3077 375 3127 tibi.
