2459 3800
386 486 498 540 ACTUS
516 486 535 538 1.
568 488 679 539 SCENA
695 491 729 540 il.
745 490 751 521 ²
913 492 960 541 301

156 628 200 676 Ge.
217 626 342 676 Abeuntes
354 629 427 677 ambo
435 605 483 679 ¹bic
494 636 547 678 tum
559 620 629 679 s'enes
640 620 681 679 nie
691 629 750 679 filiis

154 715 307 779 Relinquunt
318 718 389 780 quasi
398 718 551 779 magistrum.
585 722 639 769 Do.
656 720 679 769 0
692 721 766 781 Geta,
778 718 928 783 provinciam

154 805 247 871 Cepisti
259 806 362 856 duram!
400 810 442 857 Ge.
460 808 524 857 Mihi
537 824 596 859 usus
608 809 686 870 venit,
698 810 746 858 hoc
759 810 811 859 scio
823 831 830 861 ε

154 893 259 943 Memini
270 894 377 957 relinqui
388 910 427 945 me
435 898 488 945 Deo
496 896 559 946 irato
568 882 636 947 meo.

156 982 225 1046 Coepi
236 983 357 1033 aduersari
369 985 449 1047 primo
460 1005 466 1034 z
484 986 543 1047 quid
553 986 634 1036 verbis
644 989 747 1051 opust?

155 1072 214 1122 Seni
225 1073 305 1123 fidelis
316 1074 376 1123 dum
386 1088 451 1135 sum,
462 1066 573 1138 'scapulas
582 1076 687 1139 perdidi.

155 1163 208 1211 Du.
224 1164 319 1212 Venere
329 1162 356 1211 in
367 1172 473 1213 mentem
486 1164 548 1213 mibi
558 1164 640 1215 istaec:
658 1180 716 1214 nam
726 1181 780 1253 qum
790 1166 886 1217 inscitia
896 1176 944 1231 est,

155 1254 295 1304 Advorsum
306 1246 434 1305 stimulum
445 1256 541 1304 calces?
580 1255 752 1319 (lacteolus
764 1256 849 1306 omnis

126 1344 256 1425 Facere,
269 1344 370 1407 obsequi
382 1360 436 1407 qum
447 1346 547 1393 vellent.
581 1346 633 1393 Do.
651 1345 725 1394 Scisti
736 1345 773 1393 uti
784 1346 848 1394 foro.

126 1395 201 1479 >³Ge
218 1432 309 1481 Noster
320 1431 379 1480 meli
391 1431 452 1480 nihil
465 1431 593 1494 quicquam
605 1430 694 1495 primo.
712 1431 759 1481 Hie
773 1432 886 1481 Pbcedria

159 1512 287 1570 Continuo
295 1521 417 1583 quandam
428 1529 514 1570 nactus
526 1529 563 1571 est
573 1517 710 1585 puellulam

158 1608 353 1660 Citbmisniam.
372 1610 435 1659 hanc
446 1624 529 1660 amare
540 1612 613 1675 ooepit
625 1612 725 1677 perdite.

156 1700 194 1747 Ea
200 1697 321 1747 serviebat
331 1698 417 1747 lenoni
427 1695 594 1762 impurissimo
600 1719 609 1759 J:

159 1789 254 1850 Neque,
266 1789 331 1851 quod
341 1788 452 1849 daretur,
461 1790 607 1853 quicquem;
625 1789 650 1838 id
662 1796 780 1839 curarant
791 1797 888 1856 putresz

157 1879 274 1929 Restabat
281 1878 348 1929 uliud
357 1872 433 1941 nibil,¹
441 1879 489 1929 nisi
500 1881 585 1930 oculos
595 1894 705 1944 pascere,

159 1969 262 2032 Sectnri,
274 1970 300 2019 iu
311 1970 396 2020 ludum
409 1971 507 2031 ducere,
519 1978 544 2019 et
554 1963 703 2022 redducere:

159 2061 211 2108 Nos
223 2059 296 2110 otiosi
306 2073 406 2124 operam
416 2060 533 2109 dabamus
546 2059 673 2109 Pbaedriae.

158 2151 188 2199 ln
199 2164 248 2213 quo
259 2151 311 2200 hoec
323 2150 431 2214 discebat
442 2151 513 2211 ludo,
524 2145 687 2200 exadvorsum
698 2151 721 2200 ei
731 2152 786 2201 loco

157 2239 290 2290 Tonstrina
300 2247 353 2289 erat
363 2240 474 2302 quedam
485 2259 491 2288 ε
510 2240 551 2289 hic
563 2241 705 2290 solebamus
716 2242 769 2290 fere

159 2330 306 2393 Plerumque
316 2323 370 2380 eam
382 2330 499 2394 opperiri,
510 2330 570 2379 dnm
579 2331 638 2380 inde
650 2332 699 2380 iret
706 2332 817 2381 domum.

160 2423 257 2474 Interea
268 2423 327 2495 dum
341 2411 454 2472 sedemus
464 2422 513 2483 illi,
524 2421 658 2471 intervenit

158 2499 309 2562 Adolescens
320 2501 585 2573 quidam'lacrumans=
604 2525 649 2559 nos
664 2509 777 2560 mirarier
789 2533 794 2561 :

160 2602 284 2662 Romnum
295 2598 354 2663 quid
365 2600 415 2649 sit?
435 2603 568 2661 Nunquam
579 2614 658 2661 aeque,
669 2599 759 2661 inquit,
771 2613 799 2648 oc
810 2600 884 2650 modo

160 2677 297 2754 Paupertas
303 2689 363 2738 mihi
375 2703 437 2738 onus
446 2689 559 2739 visum’st
568 2696 594 2738 et
603 2689 732 2751 miserum,
744 2698 769 2739 et
780 2704 859 2752 grave.

159 2778 238 2829 Modo
248 2777 370 2842 quandam
382 2777 430 2827 vidi
443 2778 562 2840 virginem
572 2777 612 2827 hic
624 2777 718 2827 viciniae

161 2866 290 2929 Miserum,
299 2881 369 2917 suam
381 2873 485 2916 matrem
496 2866 628 2916 lamentari
640 2876 777 2918 mortuam:

160 2957 198 3006 Eu
208 2955 256 3005 sita
265 2963 320 3006 erat
327 2946 490 3026 exaduersum
501 2977 508 3008 ε
525 2971 605 3019 neque
614 2957 654 3007 illi
665 2960 825 3021 benevolens,

162 3043 249 3110 Neque
261 3055 346 3108 notum,
356 3062 436 3110 neque
446 3054 574 3109 cognatus,
585 3055 657 3097 extra
667 3063 742 3098 uuum
753 3049 885 3112 aniculam,

165 3127 302 3200 Quisquam
313 3135 407 3198 aderat,
418 3136 460 3200 qui
471 3137 593 3198 adjutaret
604 3137 693 3188 funus:
711 3138 888 3191 mnerimm‘st.
