2459 3800
380 496 491 546 Actus
510 497 554 546 lV·
596 497 707 547 SCENA
724 497 759 546 ll.
953 499 984 544 41

182 635 250 682 Dav.
266 633 330 696 Ego,
342 635 481 698 Pamphile,
492 637 541 686 hoc
553 636 597 686 tibi
605 651 652 701 pro
661 636 761 686 servitio
772 636 861 700 debeo,

183 721 276 770 Conari
286 723 409 785 manibus,
420 724 532 788 pedibus,
543 734 676 790 noctesque
686 726 781 788 etdiee,

183 811 277 875 Capitis
288 812 405 876 periclum
416 813 494 875 adire,
502 814 667 878 dum-proeim
677 815 732 864 tibi.

179 901 306 963 uuum‘st,
315 903 395 966 siquid
404 913 493 968 praeter
502 919 570 969 spem
579 905 671 966 evenit,
683 905 744 954 mihi
756 904 889 966 ipioecere.

181 991 274 1040 Parum
284 993 393 1042 succedit
399 994 465 1056 quod
478 1009 523 1056 ago
535 997 546 1044 ἓ
565 1003 591 1044 at
600 995 665 1044 facio
676 995 771 1044 sedulo.

180 1079 228 1126 Vel
239 1079 328 1130 melius
338 1088 391 1130 tute
401 1083 494 1146 lepori:
513 1098 552 1133 me
565 1083 668 1133 missum
679 1085 740 1133 face.

182 1169 254 1217 Pom.
272 1168 366 1232 cupio:
380 1170 493 1233 restitue,
504 1186 577 1234 quem
589 1186 652 1222 ame
662 1172 785 1236 accepisti,
798 1174 889 1222 locum.

180 1258 249 1306 Dav.
266 1257 378 1308 Faciam,
404 1262 477 1311 Pom.
494 1262 589 1324 Atiam
601 1263 648 1311 hoc
663 1275 725 1325 opus
735 1269 782 1311 est.
814 1264 881 1311 Duo.
898 1261 982 1310 Hem!

246 1355 279 1406 st,
291 1361 379 1397 mene:
397 1349 540 1412 concrepuit
550 1365 565 1400 e
576 1350 691 1415 Glycerio
701 1351 800 1400 octium.

180 1435 253 1483 Pam.
271 1434 341 1485 Nihil
353 1437 384 1486 erl
395 1444 427 1488 te.
459 1440 526 1487 Dat.
544 1438 644 1491 Quaero.
677 1441 749 1488 Pam.
766 1442 847 1488 Hem!
866 1437 987 1488 nunccine

245 1525 344 1574 demum
356 1529 366 1576 ἓ
401 1529 467 1576 Dav.
486 1529 579 1588 Atium
590 1528 639 1577 hoc
650 1527 694 1579 tibi
706 1529 833 1578 inventum
845 1528 916 1577 dabo

400 1764 511 1816 ACTUS
529 1766 571 1814 lv.
605 1764 714 1815 SCENA
733 1763 766 1812 ll.

279 1879 375 1929 Musis.
408 1880 574 1929 Plueuuus.
609 1881 760 1931 Culmus.
790 1879 889 1928 Divus,

180 1975 248 2036 JAM,
261 1975 303 2024 ubi
321 1974 363 2025 ubi
382 1975 439 2037 erit,
461 1976 587 2028 inventum
605 1976 651 2026 tibi
668 1979 769 2039 curabo,
787 1986 813 2027 et
828 1991 925 2027 mecum
940 1977 984 2027 ed-

247 2062 346 2114 ductum

181 2136 263 2203 Tuum
282 2153 455 2217 Pamphilum:
483 2163 511 2204 tu
533 2156 619 2217 modo,
632 2157 714 2207 anime
731 2157 776 2218 mi,
793 2157 845 2206 noli
861 2165 887 2206 te
903 2170 984 2205 mace-

247 2258 311 2293 rare.

181 2336 252 2383 Pam.
269 2318 358 2398 Mysis,
372 2333 432 2396 quid
447 2335 502 2383 est?
535 2336 589 2396 My.
608 2336 682 2395 Hem,
696 2334 832 2397 Pamphile,
844 2341 943 2397 optume
961 2340 986 2382 tc

246 2422 307 2473 mihi
318 2424 399 2472 offers.
415 2452 417 2457 .
433 2426 504 2471 Pam.
522 2423 588 2477 Quid
599 2426 658 2472 eet?
686 2475 690 2480 ,
788 2452 793 2461 =

181 2514 235 2573 My.
253 2513 332 2561 Orare
344 2511 429 2573 jussit,
441 2510 499 2567 siue
510 2506 587 2571 amec,
599 2512 670 2571 hera,
675 2512 727 2571 jam
740 2518 770 2559 ut
779 2510 810 2559 acl
820 2525 874 2560 eece
885 2508 983 2559 veniae:

180 2600 270 2649 Videre
287 2599 321 2649 ait
339 2606 364 2649 te
386 2614 484 2663 cupere.
517 2602 588 2649 Pom.
614 2600 690 2648 Vahl
718 2597 796 2661 perii:
823 2598 871 2646 hoc
892 2597 986 2645 malum

231 2688 397 2752 'integrescit

181 2777 276 2829 Siccine
295 2793 346 2839 me,
357 2786 430 2841 etque
448 2777 518 2829 illam
534 2785 666 2841 operatua
684 2792 749 2826 nunc
768 2776 871 2825 miseros
892 2774 987 2823 collici-

247 2867 330 2917 tarier.

184 2957 251 3005 Nem
262 2955 354 3005 ideireo
368 2970 489 3017 arcessor,
501 2954 598 3020 nuptias
617 2955 683 3017 quod
694 2953 756 3003 mihi
774 2953 884 3018 apparari
898 2954 986 3003 sensit.

186 3045 230 3093 Ul.
247 3043 341 3100 Quibus
361 3043 460 3107 quidem
477 3060 551 3108 quem
569 3043 641 3093 facile
659 3051 772 3107 potuerat
790 3043 892 3107 quieeci,
909 3043 930 3095 ei
940 3043 985 3111 „hic

249 3132 375 3196 quiesset?
