2459 3800
389 532 500 582 Actus
519 533 564 580 iil.
604 531 714 582 SCENA
732 535 776 582 ΙΙΙ.
937 533 985 580 325

182 671 215 720 Ni
224 670 365 734 instigemus
377 674 496 736 etiam,nt
509 676 591 725 uullne
603 676 673 725 locus
684 674 838 738 relinquatur
852 676 939 738 preci?

184 763 230 809 Pu.
247 761 318 811 Alius
338 765 368 812 ab
380 765 458 813 oculis
480 765 541 814 meis
561 766 669 814 illumin
689 765 800 827 ignotum
811 765 871 815 hinc
887 765 991 815 abducet

248 851 352 900 locum?
372 853 447 903 hem!

183 940 248 987 'lum
262 938 346 1001 igitur,
361 941 420 989 dunt
433 942 501 1002 licet,
513 943 620 1006 dumque
631 942 729 1004 adsum,
737 942 868 1006 loquimini
880 956 989 1004 mecum,

248 1028 378 1092 Antiph03

185 1118 392 1180 Contemplamini
402 1133 450 1168 rue.
483 1119 536 1168 An.
547 1121 714 1174 Quamobrem
726 1123 736 1169 ἓ
755 1126 799 1169 aut
809 1120 926 1183 quidnam
939 1121 989 1170 sac-

247 1208 433 1268 turu’e,ced0?

183 1300 230 1346 Pu.
247 1299 351 1361 Quoquo
363 1298 421 1347 hinc
440 1298 606 1362 asportabitur
626 1306 759 1358 terrarum,
779 1305 873 1347 certum
884 1307 922 1347 eet
932 1312 989 1361 per-

251 1387 331 1449 sequi,

184 1476 236 1524 Aut
253 1476 340 1539 perire.
376 1478 418 1525 Ge.
435 1476 467 1524 Di
484 1477 547 1524 bene
566 1481 676 1535 vortant,
694 1474 760 1536 quod
779 1488 853 1536 agas:
873 1474 989 1537 pedeten-

248 1564 294 1613 tim
306 1572 399 1613 tamen.
441 1552 444 1565 '

186 1654 238 1702 An.
256 1653 327 1713 Vide,
346 1652 367 1702 si
383 1652 442 1715 quid
453 1652 507 1715 opis
519 1661 588 1716 potes
606 1654 694 1701 afferre
706 1651 772 1700 huic.
807 1654 850 1701 Ge.
869 1653 895 1702 Si
913 1653 990 1715 quid!

251 1741 327 1804 quid?
364 1742 416 1790 Au.
434 1744 522 1796 Quaere
532 1742 645 1801 obsecro,

187 1833 226 1880 Ne
239 1830 297 1892 qnid
309 1831 364 1893 plus
377 1831 488 1878 minusve
496 1830 569 1890 faxit,
581 1830 647 1892 quod
660 1843 707 1879 nos
718 1837 774 1893 post
784 1829 876 1892 pigeat,
887 1831 957 1879 Geta.

189 1922 232 1971 Ge.
249 1924 355 1977 Quaero:
373 1923 453 1971 salvos
474 1929 522 1982 eet,
542 1929 568 1970 ut
583 1921 688 1984 opinor:
713 1935 796 1970 verum
816 1920 884 1970 enim
906 1928 990 1969 metuo

253 2012 353 2060 malum.

188 2102 239 2150 Aa.
256 2101 316 2149 Noli
329 2108 453 2149 metuere:
474 2114 522 2149 una
534 2109 613 2149 tecum
625 2100 700 2159 bona,
713 2099 788 2159 mala,
800 2099 969 2148 tolerabimus.

191 2192 234 2240 Ge.
249 2193 374 2246 Quantum
392 2204 454 2253 opus
473 2190 568 2239 esttibi
584 2189 701 2250 argenti?
720 2189 828 2251 loquere.
862 2191 909 2238 Pu.
927 2189 992 2239 Solae

254 2280 354 2341 triginta
365 2279 445 2327 minae.

192 2372 234 2418 Ge.
251 2367 378 2430 Triginta!
398 2367 452 2427 hui,
475 2365 616 2430 percara'st
636 2366 758 2416 Phaedria·
789 2370 835 2415 Plt.
853 2369 923 2416 Istaec
935 2381 993 2417 vero

255 2458 367 2507 tilisest.

193 2550 236 2597 Ge.
253 2549 316 2609 Age,
335 2561 390 2608 age,
410 2546 521 2596 iuventas
535 2546 644 2595 reddam.
679 2548 726 2592 Pii.
744 2546 767 2593 0
779 2545 887 2607 lepidum
906 2546 993 2607 caput!

259 2638 302 2686 Ge.
318 2637 396 2685 Aufer
414 2644 438 2685 te
454 2634 521 2685 hinc.
554 2638 601 2683 Ph.
618 2636 676 2683 Jam
697 2647 758 2696 opus
779 2640 824 2681 est.
859 2634 902 2681 Ge.
935 2635 993 2682 dam

258 2725 342 2775 feres:

193 2814 241 2863 Sed
252 2828 313 2877 opua
335 2820 373 2862 est
395 2812 456 2861 mihi
469 2811 647 2862 Phormionem
669 2812 700 2859 ad
711 2794 776 2859 hunc
787 2824 840 2857 rem
857 2810 996 2871 adiutorem

258 2903 319 2952 dari.

199 2995 256 3057 [Plu
274 2993 339 3042 Abi:
358 2991 408 3053 dic,
419 2999 508 3054 praeeto
520 3000 548 3041 ut
557 2992 589 3040 sit
600 2991 688 3053 domi]

197 3083 246 3131 Aa.
265 3083 410 3131 Praesto’st:
444 3081 604 3131 audacissime
621 3080 703 3130 oneris
727 3078 822 3143 quidvis
840 3079 950 3143 impone,
972 3086 998 3129 et

264 3173 326 3221 feret
337 3191 343 3221 r
