2459 3800
406 479 518 530 ACTUS
536 478 578 528 lv.
618 477 726 528 SCENA
746 477 778 528 11.
948 479 996 528 217
1033 525 1038 530 .

192 623 234 681 Sy.
251 619 307 670 Seio
315 619 358 669 nbi
369 621 401 671 sit
412 642 420 683 3
437 635 523 670 verum
537 620 611 670 hodie
624 634 749 682 nunquam
761 621 913 670 monstrabo.
946 621 995 668 De.

256 710 335 757 Hem!
354 708 413 771 quid
423 709 479 756 ais?
929 751 933 762 ,

190 796 231 856 Sy.
247 797 299 849 Ita„
325 798 374 844 De.
390 794 547 845 Diminuetur
557 795 603 845 tibi
613 794 712 857 quidem
721 798 772 856 jam
783 797 920 844 cerebrum.
954 797 995 857 Sy.

256 885 291 930 At
299 897 390 931 nomen
401 883 484 932 nescio

189 969 260 1018 Illius
270 969 389 1031 hominis,
401 972 444 1020 sed
461 973 543 1020 locum
556 970 613 1019 novi
625 970 668 1018 nbi
679 969 719 1019 sit.
752 973 801 1019 De.
818 970 864 1018 Dio
882 984 940 1038 ergo
952 971 992 1018 lo·

255 1072 320 1106 cum.

190 1148 232 1207 Sy.
249 1147 348 1195 Nostin'
367 1147 500 1209 porticum,
520 1147 584 1210 apud
604 1150 747 1207 macellum,
770 1148 835 1196 banc
858 1147 995 1196 deorsum?

158 1294 161 1303 ¹
255 1237 303 1282 De.
321 1235 414 1288 Quidni
425 1235 555 1282 noverim?

191 1325 234 1383 Sy.
251 1324 378 1396 Praeterito
389 1325 436 1370 hac
448 1331 515 1372 recta
525 1324 605 1385 platea
618 1337 715 1370 sursum
728 1342 733 1371 ι
752 1321 795 1369 ubi
805 1335 835 1369 eo
846 1321 952 1380 veneris,

192 1409 274 1459 clivos
283 1411 398 1460 deorsum
409 1425 495 1459 vorsus
506 1418 557 1459 est:
575 1410 621 1458 hac
633 1416 658 1457 te
670 1408 831 1471 praecipitato:
851 1415 936 1470 postea

194 1500 276 1549 Estad
286 1501 350 1549 hauc
362 1513 463 1548 manum
473 1499 591 1546 sacellum
602 1518 608 1546 ι
627 1497 661 1545 ibi
673 1497 828 1558 angiportum
840 1503 940 1558 propter
951 1501 995 1543 est.

189 1591 238 1636 De.
255 1589 388 1642 Quonam?
423 1589 464 1647 Sy.
483 1585 537 1634 lllic
548 1585 591 1633 ubi
609 1584 684 1632 etiam
702 1584 830 1645 caprificus
844 1596 932 1643 magna
951 1589 1003 1630 est:

257 1676 360 1726 nostin'?
395 1681 443 1726 De.
461 1677 534 1725 Novi.
567 1679 609 1736 Sy.
628 1677 680 1724 Hae
693 1675 796 1737 pergito.

191 1767 239 1814 De·
257 1765 285 1814 ld
296 1764 394 1827 quidem
406 1765 562 1828 angiportum
578 1779 629 1813 non
641 1772 678 1812 est
690 1763 810 1826 peruium.
844 1765 885 1823 Sy·
902 1764 996 1811 Verum

257 1853 355 1903 hercle:
373 1853 436 1901 vah!

122 1929 125 1935 ’
195 1942 438 1991 Censen‘hominem
455 1955 495 1990 me
510 1944 583 1991 esse?
607 1933 694 1990 erravi.
715 1942 743 1989 ln
760 1940 881 2004 porticum
900 1953 998 1989 rursum

258 2030 325 2079 redi:
627 2025 631 2031 ¹

194 2120 259 2169 sane
269 2118 315 2167 hac
326 2118 405 2166 multo
413 2117 513 2180 propius
524 2118 581 2177 ibis,
592 2126 617 2167 et
628 2118 709 2167 minor
719 2124 756 2165 est
768 2116 869 2167 erratio.

194 2207 261 2257 Scin'
280 2207 375 2256 Cratini
392 2209 467 2267 hujus
485 2207 541 2255 ditis
553 2208 636 2256 aedes?
673 2210 719 2255 De.
738 2206 804 2255 Scio.
838 2207 880 2266 Sp.
899 2204 948 2255 Ubi
960 2218 1001 2253 eas

259 2295 415 2357 preterieris,
629 2358 631 2365 Α

195 2383 235 2431 Ad
246 2383 372 2432 sinistram
383 2384 430 2431 hae
441 2391 509 2431 reeta
521 2384 616 2445 platea:
635 2382 677 2431 ubi
689 2382 719 2431 ad
731 2382 816 2429 Dianae
828 2381 935 2441 veneris,

195 2473 233 2521 lto
243 2473 275 2521 ad
285 2472 413 2521 dextram:
428 2472 495 2535 prius
507 2485 580 2534 quam
593 2472 728 2533 adportata
740 2472 835 2531 venias,
846 2470 912 2533 apud
920 2470 1000 2533 ipsum

258 2562 339 2609 laeum

158 2671 161 2679 ¹
194 2652 239 2699 Est
261 2649 376 2712 pistrilla,
400 2658 425 2698 et
449 2650 612 2698 exadvorsum
635 2655 673 2697 est
694 2646 805 2696 fabrica:
825 2647 859 2696 ibi
874 2653 919 2695 est·
952 2648 1001 2695 De.

260 2737 459 2793 Quidibifaeit?

194 2830 236 2889 Sy.
251 2829 367 2888 Lectulos
380 2826 406 2874 in
417 2825 471 2875 sole
481 2823 565 2887 ilignis
578 2824 679 2889 pedibus
690 2822 818 2873 faciundos
830 2823 905 2872 dedit.

194 2920 243 2967 De.
261 2918 310 2969 Ubi
328 2916 417 2983 potetis
433 2929 492 2968 vos:
510 2916 573 2967 bene
591 2928 658 2967 sane.
675 2913 724 2965 Sed
741 2926 809 2965 cesso
828 2913 927 2961 adeum
944 2926 1002 2979 per-¹

259 3009 338 3067 gere?
