2459 3800
144 403 154 418 ‘
230 404 279 455 232
443 402 471 450 P.
486 400 647 452 TERENTII
664 400 821 454 ADELPHI.

230 547 282 605 Ego
299 543 342 593 ille
360 543 471 612 agreatir,
490 557 579 605 savos,
595 543 684 606 tristis,
701 557 801 608 parcus,
812 541 976 604 truculentia,
995 549 1036 594 te·

291 646 351 695 nux,

228 721 294 772 Duxi
305 738 425 774 uxorem:
443 737 516 785 quam
528 722 563 772 ibi
574 721 698 772 miseriam
707 721 755 787 ridi
767 726 774 770 1
793 721 911 784 natifilii,

227 811 286 860 Alia
304 826 372 860 cura.
389 801 581 872 Fumantem,
601 797 660 859 duur
672 811 759 860 studeo
770 811 819 860 illis
836 817 865 859 ut
879 807 1034 873 quampluri·

289 912 358 948 mum
688 945 690 950 .

224 990 349 1047 Famem,
359 986 464 1037 contrivi
475 987 501 1036 in
512 987 647 1049 quaerundo
658 987 733 1052 uitam
742 995 814 1050 atque
825 994 922 1038 aetatem
931 999 1023 1036 meam.

224 1077 248 1124 N
250 1089 297 1124 unc
308 1083 394 1124 exacta
404 1083 475 1124 aetate
485 1077 532 1146 hoc
541 1075 614 1126 fructi
625 1091 670 1140 pro
682 1077 766 1126 labore
779 1077 810 1125 ab
821 1075 936 1135 hisiero,

223 1163 331 1213 Odium:
348 1163 392 1212 ille
403 1165 465 1213 alter
474 1163 526 1213 sine
537 1166 622 1214 labore
634 1143 815 1236 patriapotitur
827 1162 973 1230 commoda;

222 1253 297 1301 Illum
307 1260 391 1301 amant
400 1273 408 1315 3
426 1267 466 1300 me
475 1233 596 1314 fugitarrt:
615 1253 653 1301 illi
664 1253 768 1302 credunt
778 1252 881 1313 consilia
891 1249 992 1302 omnia:

220 1341 296 1390 Illum
306 1341 425 1403 diligunt:
443 1341 508 1404 apud
519 1339 590 1389 illum
602 1348 661 1390 sunt
672 1343 744 1390 ambo
755 1361 763 1404 ;
774 1356 826 1410 'ego
837 1341 946 1390 desertus
958 1354 1023 1389 sum.

159 1498 166 1508 ·
220 1430 295 1478 Illum
314 1438 342 1480 ut
357 1429 432 1492 vivat,
443 1437 544 1491 optant:
561 1443 641 1478 meam
658 1440 740 1478 autem
758 1437 864 1479 mortem
882 1436 1025 1492 exspectant

287 1517 388 1567 seilicet.
724 1559 726 1562 .

220 1609 258 1656 lta
265 1621 307 1655 eos
318 1621 375 1656 meo
385 1608 470 1656 labore
483 1606 584 1656 eductae
596 1601 724 1665 maauaie,
735 1606 776 1654 hie
789 1605 847 1656 fecit
857 1620 914 1656 suos

219 1697 297 1744 Paulo
317 1703 415 1745 sumtu:
433 1695 566 1764 miseriam·
578 1709 680 1744 omnem
701 1709 746 1756 ego
763 1695 853 1758 capi03
870 1695 911 1744 hic
930 1692 1023 1757 potitur

282 1783 377 1846 gaudia

218 1875 281 1935 Age,
295 1887 349 1935 age,
361 1888 426 1922 nune
437 1872 592 1937 experiamur
602 1880 701 1935 contra,
713 1873 800 1936 ecquid
811 1888 856 1935 ego
867 1872 973 1937 possiem

216 1963 311 2013 Blande
322 1964 415 2034 dicere,
427 1972 471 2013 aut
481 1964 688 2027 benignefacere,
699 1966 797 2029 quando
807 1966 988 2029 hocssprovocat.

214 2054 267 2113 Ego
278 2066 374 2113 quoque
385 2066 400 2100 a
411 2052 471 2102 meis
481 2068 522 2101 me
534 2054 622 2115 amari,
634 2062 659 2104 et
669 2054 824 2117 magnipendi
832 2055 938 2118 postulo.

215 2140 241 2190 Si
253 2139 280 2189 id
290 2141 318 2189 fir
329 2141 420 2201 dando,
432 2149 504 2203 atque
516 2144 684 2205 obsequendo,
697 2158 747 2192 non
758 2143 905 2211 posterioris,
916 2143 1003 2191 feram·
1080 2154 1084 2161 ·

213 2230 315 2279 Deerit:
333 2230 359 2279 id
371 2244 426 2279 mea
437 2229 539 2280 minime
551 2232 638 2294 refert,
652 2232 694 2297 qui
701 2246 755 2281 sum
769 2240 830 2281 natu
841 2244 979 2281 maxumus.

435 2472 547 2522 acras
564 2470 595 2520 v.
636 2470 746 2520 scauri
762 2472 794 2521 v.
857 2534 859 2541 y

498 2590 594 2638 Srrrur.
628 2590 732 2637 DEMEA.

212 2696 288 2743 Huus
299 2696 305 2742 l
325 2693 427 2751 Demea,
438 2696 509 2752 rogat
520 2691 596 2739 irater
604 2703 635 2738 ne
647 2689 720 2737 abeas
731 2687 838 2749 longius.

210 2785 258 2831 De.
276 2780 337 2837 Quis
358 2782 453 2829 homo?
481 2794 496 2829 ο
517 2780 576 2842 Syre
598 2785 692 2835 noster,
711 2778 793 2827 salve:
812 2776 872 2838 quid
893 2776 940 2825 fit?
958 2774 1017 2837 quid

273 2870 372 2932 agitur?
969 2908 971 2911 .

209 2963 250 3022 Sy.
268 2961 351 3011 urere.
383 2962 431 3009 De.
448 2960 595 3024 Optume'st.
628 2958 686 3009 dam
706 2958 835 3007 nunchaec
848 2956 896 3007 tria
907 2955 1014 3020 primum

274 3048 356 3098 addidi
