2459 3800
378 446 489 517 uerus
507 444 539 516 v.
581 446 692 496 senua
708 446 779 496 vrn.
899 419 901 422 ’
932 448 980 495 aas

180 590 226 637 Pr.
245 588 299 635 Hoc
317 588 439 636 actum’st.
472 588 524 636 Na.
540 590 580 635 Au
599 588 728 651 quicquam
745 588 819 637 hodie
833 596 871 638 est
888 590 979 638 iactum

247 676 394 737 indignius?

179 765 228 821 Qui
242 764 312 824 mihi,
323 764 366 812 ubi
375 764 406 811 ad
415 778 506 812 uxores
517 765 660 824 ventum'st,
671 772 723 813 tum
736 747 798 813 fiunt
806 779 886 815 senes.

178 853 309 916 Demipho,
328 852 352 901 te
372 853 487 916 appello:
517 867 576 901 nam
596 867 636 901 me
655 868 712 901 cum
730 854 777 901 hoc
795 854 849 917 ipso
869 854 982 904 distaedet

244 942 329 1003 loqui:

181 1030 280 1079 Haecine
291 1038 362 1078 erant
370 1030 459 1079 itiones
469 1032 571 1091 crebrae,
583 1038 608 1079 et
618 1030 757 1080 mansiones
768 1031 868 1081 diutina

181 1119 286 1169 Lemni?
306 1118 414 1169 haeccine
425 1126 478 1167 erat
494 1133 533 1180 ea,
552 1134 605 1181 quae
623 1126 720 1168 nostros
738 1120 831 1168 fructus
843 1119 979 1182 minuebat,

242 1206 346 1254 vilitas?

118 1360 119 1363 Ἴ
178 1299 226 1345 De.
242 1299 305 1358 Ego,
318 1296 480 1358 Nausistrata,
492 1312 544 1345 esse
556 1297 582 1344 in
593 1298 640 1345 hac
657 1311 684 1345 re
693 1298 791 1359 culpam
804 1297 916 1346 meritam
928 1312 978 1345 non

244 1398 323 1443 negot

178 1472 228 1521 Sed
239 1471 369 1532 eam,quin
383 1471 415 1520 sit
429 1472 585 1532 ignoscenda.
619 1476 666 1521 Pr.
682 1474 764 1521 Verba
774 1474 837 1521 fiunt
846 1482 952 1523 mortno.

184 1544 228 1607 De.
247 1562 311 1608 Nam
324 1574 402 1622 neque
413 1560 561 1621 negligentia
570 1567 624 1621 tua,
636 1575 716 1622 neque
727 1560 784 1608 odio
795 1560 820 1608 id
831 1561 889 1609 fecit
898 1570 950 1609 tuo.

176 1648 334 1707 Vinolentus,
344 1648 395 1697 fere
404 1648 492 1696 abhinc
504 1661 582 1697 annos
593 1648 744 1709 quindecim,
756 1648 926 1697 mulierculam

177 1738 239 1783 Eam
251 1735 405 1797 compressit,
413 1734 478 1782 unde
488 1735 540 1783 hacc
549 1737 655 1797 nata’st3
673 1751 752 1799 neque
763 1736 862 1799 postilla
870 1750 976 1799 unquam

243 1824 333 1885 attigit.

177 1915 213 1962 Ea
225 1922 328 1962 mortem
341 1913 402 1962 obiit
413 1931 419 1960 ι
436 1927 449 1962 e
462 1913 544 1961 medio
554 1911 624 1972 abiit,
633 1912 675 1974 qui
686 1913 733 1962 fuit
744 1913 769 1961 in
781 1927 808 1960 re
819 1913 864 1960 hac
875 1927 977 1976 scrupu-

242 2005 290 2052 lus.

179 2095 344 2147 Quamobrem
353 2100 377 2142 te
389 2106 444 2152 oro,
458 2099 485 2139 ut
497 2089 545 2138 alia
556 2097 598 2138 tua
610 2091 747 2152 factasunt,
756 2107 826 2153 aeqno
837 2092 920 2141 animo
929 2093 976 2140 hoc

242 2182 315 2231 feras.

176 2272 227 2319 No.
245 2271 310 2324 Quid
321 2285 366 2332 ego
383 2283 453 2331 aeqno
467 2269 571 2316 animo?
591 2269 664 2332 cupio
681 2270 771 2318 misera
786 2270 812 2318 in
823 2271 869 2320 hac
880 2284 907 2318 re
922 2272 975 2330 jam

246 2358 381 2420 defungier.

180 2447 229 2495 Sed
237 2447 296 2509 quid
305 2461 400 2509 sperem
411 2450 422 2496 ἓ
441 2453 511 2496 aetate
522 2459 595 2507 porro
608 2443 689 2492 minus
700 2450 855 2505 peccaturum
872 2450 955 2506 putem
966 2446 975 2490 ?

177 2538 236 2584 Jarn
245 2543 298 2584 tum
311 2545 364 2584 erat
373 2550 458 2595 senex,
471 2541 582 2582 senectus
594 2532 615 2578 si
624 2530 774 2579 verecundos
784 2531 849 2578 facit.

179 2625 218 2670 An
237 2637 292 2671 mea
309 2624 389 2671 forma
403 2630 475 2685 atque
487 2629 545 2670 aetas
557 2633 623 2668 nunc
637 2612 713 2680 magis
730 2619 908 2681 expetenda'st,
928 2620 977 2666 De·

243 2711 347 2772 mipho?

180 2799 245 2854 Quid
258 2797 319 2846 mihi
332 2811 397 2844 nunc
410 2797 493 2857 affers,
504 2797 662 2859 quamobrem
673 2801 822 2857 exspectem,
834 2801 876 2842 ant
882 2809 978 2858 sperem

244 2898 317 2948 porro
329 2898 379 2932 non
392 2884 464 2931 sore?

180 2976 227 3021 Ph.
244 2971 379 3034 Exsequias
389 2971 526 3031 Chremeti,
537 2970 625 3032 quibus
636 2977 675 3020 est
684 2970 852 3030 commodum,
874 2970 910 3017 ire
925 2971 976 3030 jam

244 3068 340 3124 tempus
351 3065 396 3110 est.
542 3043 544 3046 ⁵
