2459 3800
235 461 281 512 174
316 465 343 512 P.
358 461 519 515 mineum
537 463 972 544 HEAUTONTIMOBUMENOS.

234 608 303 656 Meo.
320 607 385 661 Quid
396 607 461 657 dotis
472 608 552 657 dicem
563 608 691 661 edixisse
702 611 754 660 filio
765 613 776 660 ἓ

234 693 454 747 Quidobticuisti?
491 697 535 746 Oh.
551 697 642 746 Dotis?
678 701 745 750 Meo.
763 701 801 748 ite
819 697 883 750 dico.
917 699 962 750 Gi.
979 701 1035 750 Ah!

300 784 368 831 Meo.
385 784 503 844 Chreme,

234 869 274 917 Ne
285 868 344 930 quid
354 883 462 931 vereare,
473 871 495 918 si
507 871 604 920 minus:
623 873 660 921 nil
671 888 718 923 nos
729 874 774 923 dos
784 882 874 924 movet.

237 959 281 1007 Gk.
297 961 353 1007 Duo
364 957 458 1007 talenta
467 975 514 1022 pro
524 975 551 1008 re
561 969 648 1010 nostra
658 975 703 1024 ego
714 977 768 1012 esse
779 963 875 1012 decrevi
886 961 944 1012 satis
954 983 964 1027 ;

235 1047 285 1096 Sed
293 1047 328 1096 ite
337 1047 404 1096 dictu
414 1062 475 1111 opos
490 1057 538 1110 eet,
553 1049 575 1099 si
586 1065 627 1100 me
638 1051 674 1100 vis
692 1053 783 1102 salvom
802 1065 867 1114 esse,
884 1067 948 1114 rem,
967 1058 992 1102 et
1004 1052 1039 1100 vii-

258 1186 259 1189 ,
298 1137 370 1196 lium,

233 1227 277 1274 Me
295 1239 349 1274 mee
366 1225 451 1274 omnio
461 1226 527 1274 bona
544 1226 596 1275 doti
613 1227 706 1277 dixisse
725 1227 770 1276 illi.
804 1229 871 1277 Men.
888 1230 968 1283 Quem
984 1240 1038 1275 rem

298 1313 368 1376 agise

238 1403 281 1450 010.
298 1402 327 1451 Id
337 1402 422 1452 mirari
431 1411 457 1452 te
466 1403 593 1463 simulato,
604 1410 630 1450 et
641 1401 712 1451 illum
722 1403 770 1452 hoc
782 1403 888 1464 rogitato
899 1402 984 1464 simul,

235 1491 401 1544 Quamobrem
413 1491 439 1541 id
446 1491 544 1540 faciem.
578 1492 646 1540 Meo.
664 1490 730 1545 Quin
747 1504 871 1553 egovero,
881 1491 1040 1553 quemobrem

300 1578 327 1626 id
336 1579 423 1640 iacies,
435 1578 525 1628 neseio.

236 1670 280 1718 (ilo.
297 1671 399 1731 ligone?
415 1678 445 1720 ut
454 1672 506 1732 ejus
517 1668 639 1729 animum,
651 1669 693 1731 qui
704 1683 768 1717 nunc
780 1669 879 1718 luxuria
890 1677 916 1718 et
925 1667 1025 1718 lascivia

239 1757 345 1818 Diffluit,
356 1759 486 1807 retundam
496 1779 505 1820 3
523 1757 643 1818 redigam,
655 1763 685 1805 ut
692 1771 742 1819 quo
753 1771 779 1806 se
791 1765 881 1818 vortat,
893 1757 993 1806 nesciat.

235 1847 302 1897 Meo.
318 1846 386 1901 Quid
404 1846 474 1909 egis?
520 1847 564 1895 Oh.
581 1845 671 1908 Mitte3
690 1845 743 1895 sine
761 1859 800 1894 me
817 1845 939 1896 inhaere
955 1859 1040 1909 gerere

299 1934 362 1983 mihi
372 1950 475 1985 morem.
508 1937 575 1984 Men.
593 1934 662 1985 Sino.

235 2022 369 2071 iteneris?
407 2024 451 2073 oi.
469 2023 514 2071 lte
548 2025 617 2073 Meo.
634 2022 697 2072 Fiat.
733 2025 776 2073 cd.
793 2024 846 2085 Age
861 2025 924 2086 jam,
935 2036 1039 2073 uxorem

301 2120 328 2161 ut
338 2119 455 2171 arcessat,
464 2120 541 2175 paret.

237 2198 284 2250 Hic
295 2200 340 2260 ita,
351 2207 381 2248 ut
390 2200 483 2249 liberos
492 2207 531 2250 eet
541 2214 650 2262 equom,
660 2198 731 2249 dictis
742 2198 918 2249 consummor.
1009 2204 1012 2213 ¹

148 2283 153 2290 ’
235 2289 284 2341 Sed
305 2291 403 2353 Syrum.
443 2290 511 2339 Men.
536 2289 602 2346 Quid
620 2291 698 2337 enlm?
743 2290 786 2338 Gk.
803 2291 911 2351 Egone?
940 2289 961 2338 si
975 2288 1040 2351 vivo,

301 2379 363 2427 adeo
374 2387 521 2429 exornatum
530 2380 605 2439 dabo,

236 2468 306 2517 Adeo
317 2467 448 2530 depexum,
458 2476 487 2517 ut
495 2468 554 2517 dum
562 2466 638 2526 vivat,
650 2464 794 2515 meminerit
803 2478 899 2529 semper
911 2464 973 2513 mei:

235 2556 284 2611 Qui
295 2553 391 2605 sibime
403 2570 447 2619 pro
459 2555 564 2605 ridiculo
573 2569 602 2604 ac
612 2554 790 2603 delectamento
800 2560 877 2617 putat·

237 2644 306 2706 Non,
326 2645 361 2694 iia
378 2660 418 2693 me
434 2644 466 2693 Di
486 2652 580 2705 ament,
598 2642 700 2693 auderet
717 2642 771 2691 haec
789 2642 870 2692 iecere
887 2640 966 2694 vidue
983 2655 1039 2689 mu·

302 2732 369 2792 lieri,

235 2824 296 2876 Qum
305 2822 331 2870 in
340 2836 381 2871 me
391 2821 458 2877 feeit.
