2459 3800
399 451 511 502 Aenus
528 451 571 499 IV.
603 449 714 502 scuNA
731 455 760 503 V.
929 459 977 504 223

175 593 289 642 Nostra?
309 591 420 654 autqnid
432 593 503 643 nobis
513 609 571 643 cum
581 593 651 642 illic?
668 595 791 644 abeamus.
809 593 875 650 Quid
888 599 944 645 est?

175 664 243 739 Quid
251 685 373 734 lccnrmas
385 688 396 735 ἰ
431 687 476 735 Αἰ.
493 688 576 748 Pater,
589 689 701 748 obsecro,
713 688 830 738 ausculta.
862 689 910 738 Mi.
920 690 978 738 AEs·

239 773 323 834 chine,
333 773 414 823 audivi
424 775 518 836 omniu,

175 861 287 912 Erucio:
305 876 363 912 num
381 871 406 914 te
417 877 489 913 amo:
508 878 557 926 quo
578 864 667 925 magis,
684 879 738 926 qne
758 863 820 926 agie,
838 880 904 915 curn
920 873 979 916 cunt

239 949 311 1000 mihi.

175 1039 220 1086 Ε.
237 1040 275 1087 lm
284 1038 358 1087 velim
369 1053 409 1088 me
416 1048 598 1102 promerentem
606 1054 685 1102 ames,
694 1041 753 1089 dum
763 1040 840 1101 vivas,
852 1040 887 1089 mi
899 1048 978 1104 puter,

176 1126 212 1175 Ut
221 1140 262 1175 me
273 1127 321 1174 hoc
330 1126 448 1176 delictum
459 1128 586 1178 adminicoe
596 1130 623 1177 in
641 1143 691 1189 me,
708 1129 735 1178 id
751 1129 813 1178 mihi
823 1129 978 1178 vehementer

240 1213 326 1275 dolet;

174 1301 257 1353 Eume
268 1303 305 1352 tui
314 1303 397 1367 pudet„
429 1306 476 1352 Mi.
494 1304 575 1354 credo
585 1306 685 1354 herclec
703 1318 760 1354 num
779 1305 904 1366 ingenium
919 1306 978 1354 novi

238 1399 309 1440 tuum

175 1477 300 1527 Liberale:
319 1479 361 1528 ced
372 1495 458 1530 rerem
468 1494 500 1529 ne
511 1479 643 1542 indiligens
653 1478 757 1528 nimium
770 1478 825 1529 ciec-

175 1568 206 1616 in
216 1579 265 1629 qua
275 1566 371 1624 civitate
381 1568 480 1617 tandem
491 1577 516 1617 ce
526 1567 645 1617 arbitrare
656 1567 737 1616 vivere
746 1569 756 1615 i

174 1654 301 1716 Virginem
314 1654 414 1716 vitiasti,
426 1669 499 1718 quum
511 1662 535 1704 te
543 1657 585 1716 jus
596 1669 647 1702 nou
659 1655 740 1704 suerat
750 1661 864 1717 tangere:

175 1744 235 1792 Jcm
245 1742 271 1791 id
281 1750 407 1806 peccumm
417 1742 525 1806 primum
537 1757 663 1803 magnum
672 1750 698 1792 at
708 1744 843 1793 humanum
854 1750 936 1792 tamen
946 1761 953 1792 ι

174 1835 265 1883 Fecere
275 1834 318 1883 elii
328 1848 401 1898 sepe,
412 1833 471 1882 icem
482 1832 541 1882 boni
552 1854 558 1883 ε
577 1840 603 1882 at
613 1841 740 1896 postquam
749 1832 775 1881 id
786 1832 876 1892 evenit,
885 1831 957 1892 cedo,

176 1922 305 1985 Numquid
315 1922 487 1985 circumspexti
497 1925 508 1970 ἓ
527 1928 571 1971 aut
581 1920 701 1983 numquid
711 1928 762 1971 tuoe
770 1920 896 1983 prospexti
907 1920 953 1968 tibi

178 2014 245 2069 Quid
255 2014 325 2063 deret
335 2016 345 2063 i
364 2028 413 2076 qua
423 2014 513 2063 lieret?
532 2012 554 2061 ci
564 2020 589 2061 ce
597 2012 678 2075 ipsum
687 2010 749 2059 mihi
759 2010 845 2073 puduit
854 2009 946 2070 dicere,

178 2105 235 2157 Qua
245 2102 420 2153 resciscerem?
438 2103 490 2151 hnc
502 2102 561 2151 dum
578 2101 685 2161 dubitas,
705 2114 800 2149 menses
812 2099 980 2149 abieruntde·

239 2204 302 2239 cem.

178 2277 309 2327 Prodidisti
320 2285 346 2327 et
356 2284 391 2339 te,
403 2286 429 2327 et
440 2277 508 2327 illum
517 2276 642 2339 mineram,
653 2284 678 2325 et
687 2284 798 2338 gnatum,
808 2275 873 2339 quod
881 2275 979 2338 quidem

238 2364 265 2412 in
276 2372 301 2413 te
311 2364 366 2413 fuit.
730 2402 735 2411 .

176 2451 263 2508 Quid?
278 2453 403 2513 credeban,
415 2452 548 2501 dormienti
558 2453 611 2501 haec
622 2451 667 2500 tibi
679 2453 832 2501 confecturos
844 2452 929 2500 Deos?

176 2543 209 2592 Er
228 2542 297 2591 illum
309 2542 362 2591 cine
374 2551 416 2592 trra
432 2556 508 2605 opero
525 2542 551 2589 in
570 2541 710 2589 cubiculum
731 2540 763 2589 iri
781 2540 914 2589 deductum
934 2538 979 2586 do·

241 2634 331 2679 mum?

177 2717 262 2769 Nolim
275 2726 418 2770 caetercrum
430 2732 513 2767 rerum
523 2724 549 2766 tc
559 2717 689 2767 socordem
700 2716 786 2767 eodem
799 2715 882 2765 modo.

177 2810 249 2857 Bono
267 2808 350 2856 animo
373 2821 410 2867 ec,
431 2806 504 2855 duces
526 2821 631 2855 uxorem
654 2807 725 2854 hanc.
758 2806 803 2854 ΛΕ,
820 2805 898 2852 Hem!
933 2802 981 2851 Mi.

241 2897 313 2943 Bono
325 2893 408 2943 animo
419 2906 456 2953 es,
466 2893 576 2956 inquam.
609 2895 654 2941 Ε.
671 2895 754 2953 Pater,

177 2983 300 3042 Obsecro,
318 2996 370 3030 non
388 2980 453 3030 ludin
468 2988 496 3029 tu
515 2995 582 3029 nunc
601 2982 661 3029 me?
694 2981 742 3029 Mi.
758 2980 811 3039 Ego
830 2978 875 3027 te?
895 2988 981 3038 quum·

242 3070 348 3118 obrem?
383 3070 428 3118 AE·
444 3068 553 3130 Neceio;
