2459 3800
224 454 271 503 156
305 401 510 504 Ps‘rduuu'ru
528 455 962 506 HEAUTONTIMORUMENOS.

226 595 271 644 Gd.
289 593 355 649 Quid
365 597 437 644 tum?
472 596 514 658 Su.
533 594 641 645 Cliniam
653 605 717 658 orat,
732 596 779 648 sibi
797 597 834 647 uti
850 596 875 645 id
887 610 953 644 nunc
964 594 1023 656 det3

286 683 357 733 illam
368 685 406 734 ilii
417 693 500 734 tamen
1019 701 1022 710 “

223 775 283 823 Post
298 773 410 823 dumtam
429 775 498 822 mille
513 771 741 838 nummumpou'cit.
777 775 820 822 θῇ.
837 774 870 821 Et
880 771 960 836 poscit
970 769 1024 833 qui·
1086 783 1089 790 ’

288 862 353 912 dem!
387 864 429 924 Sy.
447 863 513 911 Hui!
1023 873 1024 876 ’

222 950 330 998 Dubium
345 950 443 1001 idest?
480 952 523 1000 Ch.
540 953 592 1012 Ego
612 951 648 1000 sic
668 951 766 1014 putavi:
784 949 842 1012 quid
864 964 931 998 nuuc
947 951 1028 998 facere

194 1024 196 1027 ⁵
287 1038 397 1100 cogitas?

224 1129 266 1188 Sy.
282 1128 388 1188 ugone?
408 1127 439 1176 ad
450 1128 624 1177 Menedemum
636 1128 694 1179 ibo:
714 1128 793 1178 dicam
812 1129 876 1177 hanc
897 1142 951 1177 esse
970 1141 1028 1190 cap·

288 1224 340 1265 tam
350 1231 381 1265 ex
393 1218 477 1277 Catia,

224 1304 307 1354 Ditem
314 1313 340 1353 et
347 1305 471 1355 nobilem:
484 1306 505 1354 si
511 1306 626 1366 redimat,
636 1322 752 1368 magnum
759 1307 840 1356 inesse
849 1307 874 1354 iu
886 1319 915 1354 ea
923 1307 1028 1354 lucrum.

132 1391 135 1397 ’
227 1394 271 1442 Ch.
288 1395 370 1442 Erras.
415 1397 457 1458 Sy.
476 1395 542 1449 Quid
561 1395 618 1444 iia?
667 1397 709 1443 Cla.
729 1397 776 1444 Pro
798 1395 947 1444 Menedemo
966 1403 1031 1442 nunc

290 1484 335 1533 tibi
346 1499 391 1546 ego
402 1485 539 1548 respondeo
549 1506 558 1546 3

227 1573 285 1620 Non
296 1585 360 1621 emo.
394 1575 436 1636 Sy.
453 1573 519 1627 Quid
530 1573 582 1622 ais?
602 1581 685 1636 optata
695 1574 805 1635 loquere.
840 1573 884 1620 Od.
896 1570 970 1633 Atqui
979 1585 1028 1620 non
1128 1588 1136 1598 ·

291 1669 354 1710 esto
370 1676 408 1710 us.

228 1752 270 1814 Sy.
293 1676 432 1813 Nonpopus
453 1753 509 1800 est?
556 1752 599 1799 Gi.
618 1753 676 1806 Non
695 1727 778 1800 herese
794 1764 861 1798 vero.
904 1753 946 1814 Sy.
964 1747 1030 1804 Quid

291 1839 365 1901 istuc,
377 1839 461 1889 miror.
495 1842 539 1888 Ch.
555 1840 696 1890 Jamscies.

229 1931 314 1989 Mune,
326 1943 410 1990 mane,
430 1931 489 1992 quid
507 1930 621 1993 estquod
633 1938 683 1979 tam
704 1944 719 1979 a
730 1930 801 1978 nobis
812 1929 919 1991 guaviter
930 1942 1031 1993 crepue-

293 2026 352 2068 runt
361 2019 427 2067 iores
436 2021 446 2067 ?

523 2256 727 2265 —-——-—---

452 2438 563 2488 ACTUS
581 2440 623 2488 lV.
658 2438 767 2488 SCENA
786 2439 805 2486 Ι.

338 2553 478 2601 Sosmuu.
513 2554 651 2602 Cuuuuus.
685 2553 800 2601 Nu'ruix.
835 2552 930 2601 Suuus.

233 2653 256 2699 N
259 2665 290 2700 uu
302 2665 342 2700 me
353 2650 449 2700 animus
460 2650 534 2711 fallit,
552 2650 593 2699 hic
603 2651 714 2714 profecto
724 2658 762 2701 est
776 2652 892 2711 annulus,
904 2664 977 2713 quem
989 2664 1034 2711 ego

296 2740 423 2802 suspicor:

234 2833 268 2891 Is,
281 2830 378 2893 quicum
388 2830 500 2893 exposita
509 2837 547 2879 est
556 2838 637 2891 gnata·
671 2831 714 2879 Cd·
731 2828 797 2884 Quid
814 2830 866 2879 volt
885 2827 943 2890 sibi,
963 2829 1034 2891 Syre,

297 2920 349 2968 haec
358 2919 457 2969 oratio?
883 2964 886 2971 .

235 3011 276 3057 So.
293 3008 359 3063 Quid
370 3010 425 3057 est?
444 3008 499 3057 isne
508 3007 553 3056 tibi
566 3007 681 3059 videtur?
717 3010 766 3058 Nu.
785 3008 844 3058 Dixi
859 3006 983 3070 equidem,
994 3005 1036 3055 ubi

300 3097 362 3146 mihi
374 3097 511 3160 ostendisti,
522 3097 600 3158 illico,
