2459 3800
411 469 522 519 acriis
541 470 570 520 V.
603 469 714 519 SCENA
731 470 764 519 11.
937 470 985 518 285

182 609 264 660 Aliter
281 610 303 660 ai
320 610 411 662 iacias:
429 612 473 661 sed
484 611 617 676 reprimam
628 625 679 675 me,
696 626 728 662 ne
738 624 802 673 egre
812 609 943 673 quicquam
953 624 984 660 ex

249 715 289 750 me
299 700 391 751 audias.
494 741 496 748 .
848 719 851 723 ·

184 789 276 836 Verum
286 796 311 838 te
322 789 369 838 hoc
380 802 471 840 moneo
479 803 559 838 unum
570 809 575 839 ι
594 788 673 851 qualis
688 789 736 838 sim
746 788 850 850 amicus,
870 797 913 838 aut
927 788 986 854 quid
1071 777 1080 786 ”

247 878 364 940 possiem,

184 965 269 1016 Potius
279 981 352 1029 quam
362 966 487 1033 inimicus,
497 966 620 1031 periclum
628 967 725 1022 facias.

406 1209 518 1260 news
535 1211 565 1260 V.
603 1171 715 1260 ¹SCENA
732 1213 765 1259 11.

353 1323 508 1372 Pnrorrrns.
541 1325 658 1373 lincares.
690 1324 819 1372 Baccara.

188 1422 271 1470 Nmrn
282 1421 347 1484 apud
357 1436 395 1471 me
406 1421 451 1472 tibi
915 1469 918 1472 ,

186 1509 276 1562 Defieri
288 1512 365 1576 patiar
377 1533 385 1575 3
402 1512 472 1576 quin,
483 1513 548 1576 qnod
557 1529 619 1578 opus
630 1514 672 1576 sit,
684 1514 788 1576 benigne
799 1516 944 1578 prebeatur.

187 1600 236 1650 Sed
246 1615 322 1663 quum
331 1609 358 1650 tn
369 1609 452 1651 satura
463 1610 535 1664 atque
543 1603 613 1652 ebria
622 1602 682 1664 eris,
695 1618 756 1668 puer
774 1611 803 1652 nt
818 1611 886 1652 satur
897 1601 939 1664 sit,
950 1604 990 1652 fa·

189 1683 192 1692 '
251 1688 309 1748 cito.

187 1779 235 1827 La.
252 1779 343 1827 Noster
352 1793 434 1840 socer,
444 1778 526 1840 video,
539 1779 621 1829 venit:
640 1795 716 1844 puero
725 1780 845 1830 nutricem
858 1779 969 1830 adduxit.

187 1865 315 1931 Phidippo,
327 1867 429 1918 Bacchis
441 1867 535 1930 deierat
545 1876 679 1932 persancte.
713 1871 761 1919 Pr.
779 1869 893 1919 Haeccine
905 1871 987 1920 ea’st?

254 1957 300 2005 Lo.
319 1960 377 2006 Haec
389 1964 434 2006 est.

190 2049 237 2096 Ph.
254 2048 307 2096 Nec
317 2048 359 2109 pol
371 2046 425 2095 istae
437 2054 549 2096 metuunt
562 2048 641 2095 Deos:
655 2062 733 2109 neque
741 2047 785 2096 has
796 2047 917 2111 respicere
926 2048 991 2097 Deos

255 2134 350 2198 opinor.
898 2121 901 2125 ’

189 2226 238 2272 Βα.
254 2224 365 2273 Ancillas
377 2224 455 2273 dedo:
474 2238 522 2285 qno
534 2224 602 2272 lubet
612 2223 722 2272 cruciatu
734 2237 776 2285 per
789 2238 828 2271 me
839 2223 949 2284 exquire.

190 2312 249 2360 Haec
260 2325 299 2361 res
309 2311 350 2359 hic
361 2310 450 2373 agion,
463 2311 594 2374 Pamphilo
605 2325 646 2359 me
657 2312 746 2370 iacere,
761 2318 788 2359 nt
798 2310 882 2359 redeat
892 2323 966 2369 uxor,

191 2398 312 2462 Oportet:
330 2398 428 2461 quodsi
441 2398 551 2462 perficio,
563 2412 613 2447 non
625 2396 729 2460 poenitet
737 2410 777 2445 nne
786 2397 857 2445 fame
870 2416 876 2445 ι

190 2488 275 2537 Solam
286 2487 372 2537 iecisse
383 2486 419 2547 id,
428 2486 494 2551 qnod
505 2486 558 2535 aliae
571 2483 711 2534 meretrices
723 2485 803 2532 facere
815 2482 930 2543 fugitant

189 2578 238 2624 La.
255 2575 384 2638 Phidippo,
397 2583 493 2624 nostras
505 2575 622 2623 mulieres
633 2580 756 2637 suspectas
769 2571 915 2621 iuisaefalso

190 2663 280 2725 Nobis,
292 2664 318 2712 in
335 2678 363 2712 re
382 2662 435 2726 ipsa
452 2662 608 2712 invenimus:
628 2675 702 2724 porro
721 2661 786 2709 banc
799 2673 865 2708 nunc
883 2657 995 2722 experia-

191 2748 194 2756 '
257 2766 321 2801 mur.

192 2842 256 2889 Nam
268 2840 289 2889 si
300 2839 447 2903 compererit
456 2838 555 2889 crimini
567 2847 609 2889 tna
620 2852 646 2887 se
658 2838 721 2887 falso
732 2851 796 2886 tneor
806 2835 947 2896 credidisse,

193 2927 298 2976 Missam
319 2927 382 2977 iram
402 2927 491 2978 faciet:
508 2928 546 2978 sin
567 2934 650 2978 antem
668 2933 706 2976 eat
726 2926 828 2974 obeam
847 2939 900 2973 rem
921 2924 997 2972 iratus

193 3026 197 3032 ⁴
258 3024 354 3079 gnatus,
