2459 3800
419 465 530 518 AcTUs
547 466 578 516 V.
620 466 731 526 scENn
749 469 769 522 1.
893 515 896 523 Δ
950 471 997 522 17³

194 605 237 656 ci.
255 605 335 656 immo
352 608 521 670 quodamiooe.
554 612 622 660 Men.
640 611 667 661 Si
685 611 736 662 dot.
773 613 816 662 Gla.
833 613 874 664 An
893 611 999 666 dubium

216 743 223 762 ἱ
256 695 281 745 id
291 696 337 746 tibi
348 700 408 762 est?
727 709 731 716 '

189 787 375 848 Quemquamne
386 785 469 836 animo
480 794 532 836 tam
542 788 669 836 communi
680 803 744 850 esse,
752 797 795 839 aut
806 788 855 841 leni
864 798 943 853 putas,

190 874 238 929 oui
250 889 276 924 se
287 875 385 925 vidente
395 875 502 925 amicam
512 876 618 938 patianus
629 891 699 926 suam
710 880 721 928 ἓ

189 964 256 1012 Meu.
274 964 388 1018 Quidni?
407 978 456 1026 quo
464 966 538 1016 verba
548 965 644 1015 facilius
655 966 744 1016 dennis
754 967 824 1018 mihi.

192 1052 235 1104 Gi.
252 1052 374 1102 Derides?
391 1053 480 1102 merito
491 1052 554 1102 mihi
567 1069 634 1102 nunc
643 1069 837 1116 egosucceuseo.

191 1142 258 1195 Quot
269 1155 309 1190 res
321 1141 420 1200 dedere,
431 1141 475 1191 ubi
491 1156 589 1204 possem
598 1143 785 1204 persentiscere,

191 1228 247 1278 Nisi
259 1244 338 1278 essem
348 1229 431 1292 lapis?
449 1244 504 1291 qaus
513 1229 582 1278 vidi!
602 1245 637 1279 vae
649 1231 740 1280 miseno
752 1232 813 1284 mihi
823 1236 831 1284 i

191 1319 226 1368 At
235 1333 267 1366 ne
277 1318 340 1366 illud
351 1318 413 1367 haut
425 1318 544 1378 inultum,
556 1318 577 1367 si
585 1317 651 1378 vivo,
663 1319 744 1368 ferent
756 1341 761 1369 ι

189 1408 255 1456 Nam
264 1409 324 1468 jam.
356 1409 424 1456 Mon.
441 1409 499 1456 Non
508 1415 537 1456 ta
548 1415 574 1456 te
585 1407 704 1458 cohibes?
724 1423 773 1458 non
786 1417 810 1458 te
821 1410 922 1474 respicis
933 1415 943 1461 ἓ

190 1497 247 1545 Nou
257 1496 303 1546 tibi
312 1511 359 1558 ego
370 1480 477 1559 eiempli
488 1496 547 1546 satis
558 1499 634 1546 sum?
672 1498 715 1547 Ch.
733 1499 787 1548 Prae
799 1497 935 1560 iracundia,

191 1584 345 1645 Menedemo,
357 1599 408 1633 non
419 1598 474 1634 sum
483 1585 547 1648 apud
558 1599 607 1634 nne.
641 1588 708 1635 Men.
720 1589 793 1636 ¹Tene
804 1587 867 1637 istuc
879 1588 965 1650 loqui?

190 1675 280 1723 Nonne
290 1673 316 1722 id
326 1672 489 1735 flagitiom'st,
500 1682 525 1724 te
536 1673 591 1724 aliis
602 1675 733 1724 consilium
745 1675 814 1737 dore,

190 1761 261 1811 Foris
272 1775 366 1826 sapere,
377 1761 423 1811 tibi
430 1777 480 1811 non
491 1777 563 1825 posse
574 1762 718 1813 auxiliarios
730 1765 739 1811 ἓ

194 1851 238 1901 Gi.
255 1850 320 1908 Quid
332 1850 439 1901 fucum?
473 1852 543 1901 Meu,
560 1850 588 1900 ld
605 1849 671 1913 quod
688 1865 728 1901 me
746 1850 833 1903 fecisse
853 1851 933 1903 aiebas
951 1865 996 1917 pa·

256 1954 328 1990 rums

191 2028 238 2077 Fac
248 2036 273 2078 te
283 2035 377 2090 patrem
389 2041 442 2076 esse
452 2026 541 2076 sentiat
551 2046 557 2077 s
575 2028 613 2076 fac
623 2036 650 2077 ut
658 2029 746 2079 audeat

190 2117 247 2165 Tibi
259 2117 358 2166 credere
367 2116 462 2177 omnia,
471 2117 513 2164 abs
524 2124 549 2164 te
559 2124 642 2178 petere
653 2126 678 2166 et
688 2132 788 2180 postero
800 2138 808 2180 i

191 2207 313 2268 Nequam
325 2205 399 2255 alium
408 2212 501 2267 querat
510 2205 619 2267 copiam,
630 2219 658 2253 ac
670 2214 694 2254 ts
705 2206 809 2255 deserat.

195 2297 238 2346 Gla.
256 2297 336 2347 Immo
344 2297 416 2345 abeat
427 2295 506 2345 multo
514 2295 580 2343 molo
590 2294 678 2356 quovis
689 2296 809 2355 gentium,

193 2387 273 2439 Quam
284 2384 325 2433 hic
334 2398 378 2447 per
390 2384 509 2446 &ddum
520 2383 551 2432 ad
562 2383 671 2445 inopiam
682 2382 775 2445 redigat
785 2391 890 2447 panem.

193 2476 257 2523 Nam
271 2473 341 2523 siilli
351 2486 427 2537 pergo
437 2472 594 2535 suppeditare
604 2471 738 2533 sumtibus,

191 2562 348 2623 Menedemo,
360 2561 422 2611 mihi
437 2561 501 2612 illaec
512 2575 570 2610 vero
580 2561 610 2610 ad
622 2568 715 2611 rastros
727 2575 766 2611 res
776 2562 846 2611 redit

191 2652 260 2701 Meo.
277 2652 344 2705 Quot
354 2650 567 2701 incommoditates
578 2650 605 2699 iu
615 2650 662 2699 hac
673 2664 700 2698 re
711 2650 825 2712 accipies,
838 2650 885 2701 nisi
893 2664 963 2701 caves
974 2654 980 2700 i

192 2739 323 2791 Difficilem
334 2738 447 2787 ostendes
457 2745 482 2787 te
493 2752 556 2799 esse,
568 2746 593 2787 et
603 2738 713 2799 ignosces
727 2746 809 2787 tamen

192 2828 267 2889 Post3
290 2835 316 2875 et
334 2826 360 2875 id
380 2825 512 2886 ingratum.
558 2826 602 2874 Gi.
618 2826 659 2874 Ah
676 2825 766 2887 nescis,
790 2840 865 2888 quam
887 2827 993 2879 doleam.

256 2916 324 2964 Men.
341 2916 377 2964 Ut
387 2914 462 2962 lubet.

193 3004 259 3059 Quid
266 3005 324 3066 hoc,
337 3004 402 3067 quod
416 3005 483 3063 volo,
493 3010 522 3051 ut
532 2992 578 3053 niu
588 3004 666 3052 nubat
675 3006 781 3053 nostro?
801 3003 848 3053 nisi
860 3004 919 3066 quid
930 3013 977 3066 est,

194 3093 266 3149 Quod
276 3093 361 3144 mavis.
397 3093 441 3141 ct.
458 3094 538 3142 immo
547 3100 573 3141 et
585 3106 672 3155 gener,
682 3100 708 3143 et
720 3094 804 3143 affines
813 3093 918 3157 placent.
