2459 3800
232 459 279 507 152
313 460 340 508 P.
355 458 516 509 TERENTII
535 454 966 510 HEAUTON'rlMouUMENOS.

229 597 331 659 Aliquid
342 598 470 661 reperiret,
481 599 584 659 fingeret
595 598 716 658 fallacias,

228 687 302 738 Unde
312 695 377 737 esset
387 687 547 747 adolescenti,
559 686 644 735 amicae
655 687 721 749 quod
732 686 811 747 daret,

225 777 308 837 Atque
319 776 385 825 hunc
396 776 519 825 difficilem
528 776 631 824 invitirm
643 783 751 824 servaret
761 789 852 825 senem.
951 810 952 813 ,

225 867 267 927 Sy.
286 866 380 914 Garris.
415 866 458 914 Gla.
477 868 536 913 llaec
547 866 612 914 facta
622 866 705 913 abillo
716 864 854 928 oportebat,
866 864 933 928 Syre.

226 956 268 1015 Sy·
286 954 341 1001 Eho
353 968 446 1015 quaeso,
458 954 543 1002 laudas
553 954 595 1015 qui
606 955 680 1003 heros
693 956 801 1004 fallunt?
840 955 882 1003 Clu·
898 955 926 1001 ln
938 952 994 1000 loco

226 1044 278 1103 ugo
288 1055 346 1091 vero
358 1042 440 1092 laudo.
474 1045 515 1104 Sy.
532 1044 609 1091 Recte
620 1056 685 1091 sane.
721 1044 764 1091 Cli.
782 1042 877 1107 Quippe
888 1042 945 1105 quia

223 1133 370 1193 Magnarum
381 1146 445 1194 saepe
456 1131 481 1180 id
492 1131 629 1180 remedium
641 1131 815 1191 aegritudinum
826 1141 877 1181 esti

223 1224 281 1272 lam
293 1221 351 1271 huic
361 1222 493 1271 mansisset
502 1221 586 1270 unicus
597 1229 684 1283 gnatus
695 1222 771 1271 domi.

223 1314 264 1373 Sy.
282 1312 377 1361 iocoue
387 1326 417 1360 an
430 1312 495 1361 serio
505 1311 569 1359 illaec
582 1311 656 1371 dicat,
669 1312 769 1361 nescio:

222 1401 278 1451 Nisi
289 1402 350 1451 mihi
361 1402 460 1464 quidem
472 1402 540 1451 addit
551 1402 674 1461 animum,
687 1416 736 1463 quo
746 1402 831 1450 lubeat
842 1400 926 1462 magis.

223 1492 267 1539 ct.
284 1492 317 1539 Et
327 1506 394 1540 nunc
404 1491 462 1553 quid
472 1498 606 1553 exspectat,
620 1492 681 1554 Syre
691 1492 702 1538 ἓ
721 1504 752 1538 an
762 1490 820 1538 dum
830 1490 889 1538 hinc
900 1490 982 1539 denuo

226 1581 315 1641 Abeat,
327 1596 383 1628 cum
393 1582 499 1629 tolerare
510 1580 583 1641 hujus
596 1587 691 1628 sumtus
703 1593 752 1627 uon
766 1580 860 1641 queat?

221 1671 311 1719 Nonne
328 1670 359 1718 ad
375 1684 460 1719 senem
476 1669 583 1731 aliquam
602 1668 719 1718 fabricam
732 1667 823 1729 lingit?
858 1670 900 1729 Su.
917 1665 1026 1716 Stolidus

284 1764 330 1805 est.

221 1846 264 1893 Gir.
280 1847 315 1893 At
324 1852 349 1893 te
359 1845 469 1907 adjutare
479 1852 577 1909 oportet
587 1844 764 1895 adolescentuli

221 1936 308 1984 Causa
342 1937 383 1996 Sy.
400 1935 481 1984 Facile
492 1934 604 1996 equidem
618 1936 700 1984 facere
710 1935 812 1998 possim,
824 1934 844 1983 si
853 1936 940 1996 jubes:

219 2023 318 2071 Etenim
329 2037 378 2085 quo
388 2031 459 2085 pacto
470 2023 496 2071 id
506 2023 561 2072 fieri
572 2025 660 2084 soleat,
670 2019 755 2072 calleo.

220 2114 263 2161 ct.
281 2115 363 2161 Tanto
374 2113 457 2162 hercle
468 2113 564 2162 melior.
598 2117 639 2176 Sy.
658 2117 715 2162 Non
728 2121 765 2162 est
777 2111 877 2162 mentiri
888 2127 979 2162 meum.

218 2202 261 2249 Clu.
274 2203 322 2250 Fac
333 2216 399 2263 ergo.
425 2205 467 2265 Sy.
484 2203 589 2251 Atheus
600 2211 639 2264 tu,
651 2203 793 2252 facitodum
806 2202 891 2252 eadem
902 2202 954 2250 haec
967 2215 1020 2250 me·

281 2291 408 2350 mineris‚.

216 2378 243 2429 Si
254 2380 312 2442 quid
323 2381 397 2442 hujus
407 2381 488 2430 simile
499 2384 562 2430 forte
573 2380 705 2442 aliquando
717 2380 833 2440 evenerit,
859 2365 867 2376 ⁵

216 2473 252 2520 Ut
263 2479 321 2521 sunt
331 2472 450 2532 humana,
462 2480 519 2520 tuus
531 2478 560 2519 ut
570 2471 644 2518 faciat
654 2468 735 2519 filiuu.'

218 2559 261 2607 Ch.
279 2562 336 2609 Non
355 2575 413 2609 usus
429 2559 520 2620 veniet,
532 2573 612 2622 spero.
646 2561 688 2620 Sy.
706 2561 784 2622 Spero
799 2559 881 2608 hercle
899 2571 947 2620 ego
957 2571 1021 2622 quo·

281 2664 344 2710 que:
406 2701 410 2707 ,

182 2803 187 2810 ,
215 2739 301 2799 Neque
312 2752 343 2786 eo
352 2752 418 2787 nuuc
426 2738 491 2798 dico,
504 2737 567 2799 quod
580 2736 709 2800 quicquam
720 2737 793 2786 illum
801 2737 935 2787 senserim:

215 2825 265 2874 Sed
276 2826 296 2874 si
307 2825 375 2888 quid,
387 2840 419 2874 ue
427 2827 492 2888 quid.
525 2829 585 2880 Quae
597 2826 629 2875 sit
640 2828 693 2887 ejus
701 2834 770 2888 aetas,
782 2827 857 2876 vides.

215 2917 248 2962 Et
257 2929 295 2962 uae
303 2929 349 2975 ego
361 2923 397 2975 te,
405 2916 428 2963 si
436 2930 497 2964 usus
508 2916 601 2976 veniat,
613 2917 752 2978 magnifice,
766 2917 888 2977 Chreme,

211 3005 326 3051 Tractare
338 3005 437 3066 possim.
472 3005 517 3054 ou.
534 3007 572 3054 De
583 3005 655 3066 istoc,
673 3021 749 3068 quum
761 3021 818 3060 usus
829 3007 936 3069 venerit,

215 3091 357 3140 Videbimus
368 3093 426 3155 quid
436 3108 497 3158 opus
508 3094 556 3144 eit:
576 3109 642 3144 nunc
654 3095 716 3145 istuc
729 3110 780 3157 age.
