2459 3800
236 429 251 474 8
459 425 486 473 P.
502 425 664 474 TERENTH
681 427 820 476 ANDRIA.

235 567 268 615 Et
279 558 304 615 id
313 572 409 628 gratum
421 564 497 616 fuisse
510 566 641 616 advorsum
652 573 688 627 te,
696 566 776 616 babeo
787 562 899 628 gratiam.

235 655 285 708 sed
296 655 357 704 mihi
367 656 416 706 hoc
427 657 559 705 molestum
572 663 625 706 cst:
644 669 701 704 nam
713 656 781 706 istaec
792 651 997 704 commemoratio

236 738 313 802 Quasi
324 745 480 809 exprobratio
490 753 527 795 est
539 745 693 794 immemoris
703 743 824 794 beneficii.

235 835 303 889 Quin
314 842 342 883 tu
353 849 403 884 uno
412 835 487 884 verbo
498 834 547 895 dic,
559 833 618 896 quid
626 842 673 895 est,
685 834 750 896 quod
761 831 880 882 merciis.

197 906 203 920 ’
236 926 272 973 sr.
291 923 435 973 rurscam.
465 921 956 988 nocprrmumruuacrepmucouua

236 1017 304 1069 Quas
314 1015 395 1066 credis
407 1029 460 1064 esse
471 1016 526 1076 has,
538 1029 589 1065 nou
600 1023 659 1066 suut
669 1029 732 1064 verae
743 1013 843 1076 nuptia.

238 1107 279 1152 So.
304 1105 355 1154 Cur
376 1104 478 1155 simulas
499 1105 591 1167 igitur?
628 1106 664 1154 Si.
683 1106 744 1153 Rem
766 1117 867 1152 omnem
882 1115 898 1150 a
913 1098 1039 1165 principio

300 1192 383 1243 audies
392 1213 400 1256 ;

234 1285 272 1332 Eo
284 1291 354 1346 pacto
363 1291 388 1333 et
397 1283 465 1345 gnati
473 1283 558 1344 ritum
568 1290 594 1333 et
604 1282 737 1333 consilium
748 1297 831 1332 meum

234 1375 383 1434 Cognosces,
394 1381 420 1422 et
430 1371 490 1434 quid
500 1373 581 1422 facere
592 1373 619 1424 iu
626 1374 674 1423 bac
685 1387 713 1422 re
720 1381 746 1422 tc
754 1371 840 1421 velim.

235 1465 259 1511 N
261 1477 299 1511 am
312 1462 333 1512 is
343 1471 471 1528 postquam
483 1462 591 1512 acessit
601 1477 633 1512 ex
642 1462 752 1527 ephebis,
764 1461 845 1522 Sosia,

233 1551 346 1602 Liberius
357 1552 453 1602 vivendi
464 1552 512 1601 fuit
522 1559 644 1617 potestas:
662 1565 720 1602 uam
731 1557 803 1600 antes

234 1640 283 1694 Qui
294 1641 357 1690 scire
368 1655 462 1704 posses,
473 1649 516 1690 aut
526 1640 652 1702 ingenium
662 1625 775 1699 noscere,

235 1732 300 1779 Dum
311 1738 381 1791 aetas,
393 1739 483 1790 metus,
495 1731 610 1792 magister
621 1729 785 1794 prohibebant
798 1730 808 1777 ἓ
839 1729 880 1777 So.
897 1727 935 1776 lta
944 1733 991 1776 est

235 1821 272 1869 Sl.
290 1819 363 1875 Quod
374 1821 484 1883 plerique
495 1835 583 1870 omnes
597 1820 692 1870 iaciunt
702 1816 890 1876 adolescentuli,

234 1911 271 1959 Ut
281 1908 392 1959 animum
403 1910 434 1959 ad
444 1910 543 1972 aliquod
554 1910 663 1959 studium
670 1908 813 1970 adiungam,
822 1914 865 1956 aut
873 1921 949 1970 eqrros

233 1998 319 2058 Alere,
331 2005 374 2047 aut
382 2012 458 2048 canes
470 1999 501 2048 ad
512 1998 661 2059 venandum,
671 1998 752 2047 autad
763 1996 940 2061 philosophos:

235 2089 332 2137 Horum
343 2088 385 2138 ille
395 2089 458 2139 nihil
470 2089 564 2151 egregie
575 2099 664 2151 praeter
675 2096 765 2137 cratera

235 2179 368 2231 studebat:
385 2186 504 2229 ettamen
517 2178 601 2228 omnia
610 2179 664 2227 hac
674 2176 840 2227 mediocriter.

211 2268 386 2318 -Gaudebam
419 2270 460 2317 So.
478 2270 537 2317 Non
548 2268 657 2330 injuria;
675 2282 732 2316 uam
744 2266 770 2316 id
779 2268 887 2317 arbitror

231 2358 350 2422 Apprime
361 2358 386 2407 iu
398 2358 448 2407 vita
459 2359 591 2419 essentie,
603 2366 630 2407 ut
641 2371 676 2406 us
689 2371 754 2414 euru
766 2370 854 2407 urusrs.

233 2448 269 2496 Si.
286 2447 328 2497 Sia
339 2447 388 2497 vita
398 2454 469 2510 erat;
489 2447 561 2496 facile
572 2447 668 2496 omneis
679 2447 788 2510 perferre
796 2461 825 2497 ac
835 2446 896 2510 pati,

233 2538 296 2587 Cum
308 2536 396 2600 quibus
408 2545 462 2586 erat
473 2551 569 2599 cunque
582 2550 648 2588 urna:
667 2537 698 2586 iis
710 2551 764 2587 sese
775 2537 862 2587 dedere
872 2558 878 2587 ι

230 2628 325 2677 Eorum
336 2627 439 2690 obsequi
450 2626 551 2677 studiis:
570 2627 689 2676 advorsus
701 2627 811 2676 nemini:

229 2718 362 2781 Nunquam
374 2732 518 2781 preponens
526 2732 553 2766 se
564 2718 614 2765 illis
626 2737 631 2767 r
649 2718 685 2767 ita
696 2718 813 2767 facillime
860 2774 863 2781 Ι

233 2807 292 2857 Sine
303 2807 394 2857 invidia
404 2808 502 2857 laudem
513 2807 634 2869 invenias,
646 2816 672 2857 et
680 2808 773 2857 amicos
780 2823 859 2873 pares.

229 2898 270 2945 So.
288 2896 416 2961 Sapienter
427 2896 502 2947 vitam
512 2896 633 2947 instituit:
652 2912 757 2961 namque
769 2899 817 2948 boc
823 2907 935 2963 tempore

229 2985 388 3042 Oasuouruur
400 2999 510 3047 aurcos,
522 2999 632 3037 vunrras
642 3001 729 3037 obruar
742 3002 827 3038 enarr.

229 3074 264 3123 Si.
282 3074 379 3124 Interea
389 3074 480 3125 mulier
491 3066 601 3137 quaedam
615 3075 706 3125 abhinc
717 3076 853 3127 triennium
