2459 3800
400 509 404 516 .
450 464 560 514 Actus
578 465 598 512 l.
639 464 749 514 scuNA
767 465 799 515 Π.
986 471 1016 519 69

218 601 291 665 Apud
303 617 353 663 me,
362 617 390 652 ue
402 617 452 651 non
463 603 488 652 id
500 611 603 662 metuat,
610 617 657 661 ne,
667 602 710 651 ubi
721 603 866 666 acceperim,

217 693 275 742 Seue
287 692 437 754 relinquam:
455 692 517 744 velle
529 692 633 742 seillam
644 691 706 740 mihi
716 692 788 741 dare:

218 783 310 830 Verum
322 781 346 830 id
358 780 450 830 vereri:
469 780 521 842 sed,
534 796 577 844 ego
589 791 709 844 quantum
721 781 842 844 suspicor,

210 868 255 918 *Ad
265 869 383 931 virginem
394 869 504 920 animum
515 871 613 932 adiecit.
647 873 693 918 Pu.
710 871 823 919 Etiamne
835 871 940 933 amplius
951 874 961 919 ,²

217 960 263 1008 Th.
280 955 364 1010 Nihil:
381 975 439 1010 num
449 961 557 1024 quaeeiri.
575 963 648 1010 Nunc
655 974 703 1022 ego
712 974 778 1020 eum,
789 960 824 1008 mi
837 961 959 1022 Phaedria,

216 1049 304 1098 Multae
316 1058 374 1098 eunt
384 1063 473 1110 cause,
485 1051 644 1112 quamobrem
659 1048 756 1112 eripiam
767 1049 895 1099 abducere.

217 1137 340 1198 Primum,
351 1139 416 1201 quod
427 1154 498 1189 soror
508 1147 546 1188 eut
554 1139 634 1188 dicta:
652 1146 780 1202 preterea,
792 1147 819 1188 ut
829 1139 880 1188 suis

220 1228 356 1278 Restituam
368 1241 396 1278 ne
409 1229 510 1278 reddam
521 1248 527 1278 r
539 1230 593 1277 eoin
604 1244 675 1277 sum:
693 1229 772 1277 habeo
782 1227 823 1277 hic
834 1228 970 1289 neminem,

217 1319 303 1379 Neque
315 1305 432 1378 amioum,
444 1331 521 1379 neque
532 1324 662 1378 cognanum
674 1338 681 1366 ι
693 1317 864 1378 quamobrem,
875 1318 998 1379 Phaedria,

216 1406 294 1470 Cupio
303 1407 398 1469 aliquos
409 1420 493 1469 parere
503 1405 595 1455 amicos
606 1405 726 1454 beneficio
737 1417 803 1454 meo.

215 1495 253 1555 ld,
264 1497 362 1557 amabo,
373 1495 456 1556 adiuta
464 1509 514 1555 me,
526 1509 575 1558 quo
585 1493 611 1543 id
622 1495 666 1543 fiut
676 1493 779 1543 facilius.

215 1587 273 1637 Sine
283 1585 356 1636 illum
365 1586 458 1650 priores
469 1594 550 1651 partes
560 1587 635 1635 hosce
646 1586 741 1647 aliquot
750 1584 802 1634 dieu

213 1675 286 1738 Apud
296 1690 336 1724 me
346 1677 443 1726 habere.
455 1676 525 1725 Nihil
536 1675 689 1738 respondes?
725 1677 772 1722 Plu.
790 1675 919 1735 Postume,

213 1766 292 1826 Egon’
304 1765 432 1828 quicquum
443 1779 500 1815 cum
511 1764 565 1814 istie
574 1764 648 1836 *facts
659 1762 704 1812 tibi
714 1761 895 1826 respondeum?

212 1858 272 1906 Por.
288 1856 327 1905 Eu
338 1859 438 1907 noster!
457 1856 530 1906 laudo
545 1876 551 1906 ι
569 1854 669 1905 tandem
678 1851 817 1917 perdoluit:
835 1852 872 1901 vir
883 1866 921 1903 ee.

210 1949 257 1996 ΡΙι.
276 1948 343 1996 Haut
353 1961 398 2007 eqo
409 1930 557 2005 neseiebam,
568 1956 686 2005 quorsum
693 1949 722 1990 tu
732 1941 797 1991 ires?
817 1943 917 2005 parvola

213 2034 279 2085 ilinc
290 2042 328 2084 est
338 2037 451 2097 obrepta:
469 2033 555 2083 eduxit
564 2039 642 2081 mater
652 2044 699 2093 pro
708 2044 767 2081 tua:

215 2124 292 2173 Soror
300 2123 413 2173 dicta’etz
430 2122 503 2185 cupio
514 2121 644 2179 abducere,
656 2127 685 2167 ut
693 2118 794 2167 reddam
807 2118 873 2167 euin:

216 2214 311 2276 Nempe
321 2214 405 2263 omnia
415 2214 468 2262 haeu
479 2226 545 2261 nunc
552 2212 626 2259 verba
635 2208 684 2257 huc
695 2209 798 2258 redeunt
811 2207 916 2271 denique
930 2227 936 2256 z

132 2336 135 2343 ·
214 2304 266 2365 Ego
274 2302 403 2363 excludor,
414 2302 458 2350 ille
469 2300 585 2364 recipitur
597 2320 604 2349 ι
627 2313 676 2362 que
685 2298 780 2360 gretia?

218 2390 273 2439 Nisi
285 2391 357 2439 illum
368 2390 423 2453 plus
435 2404 512 2449 umas,
524 2403 596 2451 quam
608 2403 665 2438 me:
684 2396 710 2437 et
719 2387 790 2436 istam
800 2403 865 2436 nunc
873 2386 956 2447 timet,
1041 2404 1045 2409 ·

216 2480 278 2533 Qum
288 2478 429 2538 advecte'st,
441 2493 473 2527 ne
485 2478 556 2527 illurn
567 2478 643 2525 talem
655 2476 780 2539 praeripiat
789 2475 844 2524 tibi.

219 2568 264 2617 Th.
281 2567 360 2629 Egon’
373 2567 398 2616 id
410 2567 487 2617 timeo
501 2570 511 2615 i
550 2570 600 2615 Pl.
617 2565 684 2620 Quid
694 2572 719 2615 te
729 2579 788 2627 ergo
799 2564 868 2615 aliud
884 2564 1019 2615 sollicitat?

281 2656 353 2717 cedo,

216 2749 283 2797 Num
295 2748 363 2797 eolus
374 2747 418 2795 ille
430 2748 496 2795 dona
507 2746 569 2795 dut?
589 2743 699 2793 nuncubi
711 2757 792 2793 meum

217 2835 396 2898 Benignitatem
409 2836 507 2885 renuisti
516 2835 541 2883 in
553 2842 578 2883 te
588 2832 717 2883 claudier?

215 2926 315 2986 Nonne,
326 2925 368 2974 ubi
378 2925 439 2973 mihi
451 2923 513 2973 dixti
523 2936 612 2986 cupere
622 2930 648 2971 te
657 2937 689 2971 ex
697 2920 824 2985 AEthiopio

214 3014 375 3075 Ancillulam,
387 3013 479 3062 relictis
490 3014 563 3061 rebus
573 3012 700 3071 (omnibus,

213 3102 336 3155 Quaeeiri?
354 3116 428 3167 porro
438 3102 586 3153 Eunuchum
597 3092 661 3151 dixti
671 3100 779 3161 vellete,
804 3148 807 3153 .
