2459 3800
369 495 371 501 ’
390 504 502 554 ACTUS
521 503 568 553 Ill.
601 502 714 554 SCENA
730 505 761 553 V.
932 501 978 553 271

173 646 262 711 Illique
271 654 372 712 exopto,
384 655 412 698 ut
422 648 554 712 relliquam
565 647 640 698 vitam
651 647 733 710 exigat

173 736 238 788 Cum
248 753 278 789 eo
289 738 404 800 viro,‘me
416 739 458 802 qni
472 740 506 789 eit
516 739 684 790 fortunatior:

173 828 380 893 Quandoquidem
392 830 461 879 illam
473 845 488 879 a
498 844 539 879 me
550 830 666 880 distrahit
676 827 818 879 necessitas.

172 921 219 969 Pu.
234 918 292 969 'libi
303 918 329 968 id
340 919 365 967 in
378 920 453 970 manu
465 928 513 980 est,
522 934 553 969 ne
566 920 618 969 fiat.
651 921 699 969 La.
717 918 743 969 Si
754 931 828 968 senne
838 917 897 980 sies,

171 1008 236 1057 Jube
246 1006 316 1057 illam
328 1007 419 1057 redire.
452 1010 524 1058 Pam.
535 1010 600 1057 'Non
611 1015 649 1057 eet
659 1006 802 1068 eonsilium,
817 1016 902 1070 pater:

172 1097 260 1147 Matris
271 1098 367 1147 servibo
378 1098 522 1147 commodis:
558 1100 607 1147 Le.
625 1100 681 1153 Quo
693 1096 764 1147 abia?
781 1104 865 1157 mene,

172 1188 257 1249 Mane,
268 1186 383 1250 inquamz
401 1203 450 1251 qno
461 1188 533 1237 abis?
569 1190 615 1237 Pu.
628 1191 688 1243 Qum
700 1188 753 1237 haec
763 1195 800 1237 eet
808 1184 963 1251 pertinacia?

171 1276 219 1325 La.
235 1274 337 1337 Dixine,
349 1276 479 1339 Phidippe‚
491 1277 555 1326 hauc
568 1290 622 1325 rem
636 1290 700 1337 aegre
712 1276 822 1325 laturum
831 1276 973 1325 eeeeenm?

172 1366 338 1419 Quamobrem
346 1373 371 1415 te
381 1368 496 1427 orabam,
507 1373 536 1416 ut
546 1366 628 1415 tiliam
638 1364 785 1415 remitteres.

171 1458 218 1505 Pu.
236 1457 293 1505 Non
304 1454 397 1504 credidi
407 1455 501 1518 aedepol
511 1454 571 1505 adeo
582 1454 750 1504 inhumanum
759 1453 813 1502 fore
824 1472 831 1502 ι

172 1547 211 1595 lta
220 1559 287 1595 nuuc
297 1545 318 1595 ie
330 1544 377 1594 eibi
388 1559 427 1594 me
435 1545 627 1608 supplicaturum
638 1543 728 1606 putat?

172 1634 200 1685 Si
210 1642 258 1695 est,
267 1641 296 1683 ut
306 1632 365 1682 velit
375 1633 492 1682 reducere
502 1646 619 1693 uxorem,
631 1632 706 1682 lieet:

172 1724 217 1774 Sin
228 1722 278 1772 alio
289 1730 327 1773 est
337 1721 431 1783 animo,
448 1729 588 1771 renumeret
598 1720 683 1770 dotem
688 1722 753 1782 hnc,
763 1728 813 1771 eet.
854 1762 858 1768 .
960 1762 963 1767 .

116 1804 119 1811 ’
171 1816 220 1864 La.
237 1815 299 1863 Ecce
310 1818 391 1863 autern
401 1820 428 1862 tu
440 1825 536 1875 quoqne
546 1818 660 1875 proterve
666 1810 798 1861 iracundus
808 1823 845 1859 ee.

172 1906 219 1953 Pu.
236 1905 417 1952 Percontumax
427 1901 513 1950 redisti
523 1901 572 1961 hue
580 1900 666 1961 nobie,‘
675 1898 822 1963 Pamphile..

172 1995 225 2043 Lo„
237 1991 401 2052 Decedetjam
412 1990 450 2040 ira
460 1990 529 2052 haec;
547 1989 593 2040 etei
605 1989 694 2039 merito
704 1989 780 2040 imum
791 1997 836 2039 eet.

172 2085 219 2134 Pu.
236 2082 301 2138 eme
309 2081 437 2145 paululum
446 2078 516 2129 vobit
526 2077 628 2129 accessit
639 2077 758 2142 pecuniam
837 2109 842 2119 ·

174 2171 269 2224 Sublati
276 2170 353 2221 animi
364 2177 430 2240 eunt.
462 2171 511 2219 Lo.
527 2167 608 2218 Etiam
619 2182 715 2218 meeum
725 2160 828 2229 litigas?

173 2264 220 2311 Pu.
236 2259 373 2322 Deliberet,
383 2257 559 2320 renuncietqne
570 2256 644 2306 hodie
653 2256 726 2318 mihi,

171 2350 280 2412 Velitne,
287 2364 319 2399 an
332 2364 399 2400 non:
417 2357 446 2399 nt
453 2349 506 2410 alii,
518 2349 539 2398 ei
550 2347 607 2398 huic
617 2362 669 2397 non
680 2347 723 2408 eit,
735 2346 791 2396 εἰει.

173 2445 222 2492 Lu.
239 2441 445 2506 Phidippe‚edes,
455 2440 512 2490 andi
521 2440 613 2503 paucis.
629 2439 712 2489 Abiit:
731 2437 790 2501 qnid
800 2439 876 2486 mea?

174 2533 303 2581 Postremo
316 2529 382 2579 inter
400 2543 426 2579 se
436 2528 572 2591 transigant
584 2527 647 2592 ipsi,
667 2535 696 2578 ut
712 2527 797 2576 lubet:

174 2621 278 2679 Quando
298 2635 343 2671 nee
365 2629 465 2684 meurs,
485 2635 565 2684 neque
586 2620 628 2669 hic
646 2618 708 2667 mihi
728 2617 857 2680 quicquam
879 2616 977 2666 obtem-

239 2719 342 2774 perant:
668 2721 674 2747 '·

174 2806 234 2859 Quae
245 2800 311 2863 dico,
322 2798 391 2864 parvi
401 2799 521 2863 pendunt.
538 2799 614 2848 Porto
622 2798 670 2846 hoc
678 2793 788 2858 jnrginm

175 2891 216 2942 Ad
225 2903 340 2951 uxorem,
349 2889 419 2951 cuine
429 2888 483 2938 hoec
491 2889 556 2938 dunt
566 2885 672 2936 coneilio
683 2882 783 2934 emnia:

118 2999 122 3008 ·
175 2981 255 3042 Atque
264 2979 289 3028 in
302 2988 356 3031 eam
367 2979 416 3029 hoc
427 2991 512 3040 omne,
522 2975 587 3042 quod
597 2972 660 3024 mihi
670 2974 776 3036 egre’et,
786 2983 907 3021 evomam.
995 2988 999 2992 ·
