2459 3800
246 464 294 511 342
456 463 484 511 Ρ,
501 460 662 511 TERENTII
680 460 847 511 PHORMIO.

247 605 300 653 Aa.
318 606 354 653 lta
372 603 461 655 velim:
480 603 534 663 sed,
551 602 594 664 qui
615 601 678 651 istuc
697 602 794 651 credam
806 601 840 651 ita
854 615 920 661 esse,
933 601 996 651 mihi
1009 602 1060 651 dici

314 693 396 742 velim.

251 783 294 831 Ge.
312 782 389 831 Satin'
398 787 445 841 est,
458 781 479 829 si
494 780 660 830 tedelibutnm
673 779 761 840 gaudio
777 779 875 829 reddo?
893 781 946 829 Au.
955 780 1060 829 Euicae.

250 872 296 919 Pb.
315 868 382 924 Quin
393 876 420 917 tu
431 869 489 917 hinc
501 866 691 931 pollicitationes
703 869 790 917 auter:
808 875 834 917 et
839 869 905 931 quod
911 870 972 930 fers,
983 870 1056 918 cedo.

313 960 356 1007 Ge.
375 960 430 1007 llo!

247 1048 286 1095 Tu
298 1062 393 1110 quoque
409 1046 506 1107 aderas,
518 1046 658 1095 Phormio?
695 1049 743 1096 Pb.
762 1046 882 1095 Aderam:
900 1046 944 1095 sed
960 1054 986 1095 tu
998 1060 1056 1096 ces·

311 1139 371 1185 sas?
409 1139 453 1185 Ge.
469 1137 657 1198 Accipe,hem!

250 1226 285 1274 Ut
296 1225 370 1274 modo
389 1233 517 1287 argentum
537 1224 582 1273 tibi
598 1225 710 1274 dedimus
730 1226 794 1287 apud
805 1226 898 1286 iorum,
916 1232 984 1274 recta
1004 1225 1052 1273 do-

314 1330 382 1363 mum
1082 1305 1088 1312 ’

248 1402 338 1450 Sumus
347 1402 450 1465 proiecti
463 1423 468 1451 :
487 1402 581 1451 interea
591 1402 668 1451 mittit
678 1402 752 1451 herus
765 1416 804 1451 me
815 1402 846 1451 ad
857 1415 961 1450 uxorem
972 1408 1052 1450 tuam.

249 1493 301 1541 Aa.
319 1494 504 1547 Quamobrem?
545 1494 587 1541 Ge.
607 1493 705 1543 Omitto
717 1493 831 1557 proloqui
847 1514 852 1543 :
879 1508 936 1542 nam
948 1492 1011 1541 nihil
1023 1492 1055 1541 ad

313 1582 377 1631 hanc
385 1596 437 1629 rem
450 1589 496 1641 est,
509 1579 629 1643 Antipho.

248 1669 298 1718 Ubi
309 1668 334 1717 in
346 1684 484 1733 gynaeceum
496 1670 532 1717 ire
543 1668 649 1731 occipio,
660 1684 720 1732 puer
729 1669 760 1718 ad
772 1683 811 1718 me
819 1669 925 1717 accurrit
936 1668 1005 1717 Mida
1016 1689 1022 1716 :

247 1760 314 1807 Pone
327 1758 487 1821 apprehendit
498 1758 587 1821 pallio:
606 1758 747 1821 resupinat:
760 1758 877 1821 respicio:
896 1774 968 1821 rogo,

247 1848 413 1903 Quamobrem
424 1847 528 1897 retineat
538 1862 592 1895 me:
610 1846 646 1897 ait
662 1862 715 1896 esse
724 1847 827 1896 vetitum
838 1837 913 1896 intro
922 1847 953 1896 ad
964 1848 1050 1897 heram

311 1937 435 1986 accedere.
754 1996 758 2004 .

247 2025 377 2086 Sophrona
385 2025 459 2074 modo
469 2026 569 2074 fratrem
580 2026 639 2086 huc,
646 2025 736 2088 inquit,
747 2025 812 2075 senis
819 2024 958 2075 introduxit
969 2025 1051 2074 Chre·

312 2128 394 2174 mem3
665 2101 671 2111 Ι
952 2165 959 2174 ,

246 2203 358 2262 Eumque
370 2215 434 2249 nurnc
446 2214 499 2248 esse
512 2201 578 2250 intus
590 2216 647 2252 cum
658 2201 716 2252 illis.
743 2205 797 2252 Hoc
805 2203 847 2252 ubi
858 2218 904 2266 ego
915 2203 1007 2265 audiri,
1020 2204 1051 2252 ad

310 2291 375 2339 iores

245 2385 368 2447 Suspenso
380 2383 456 2445 gradu
468 2383 563 2446 placide
575 2384 611 2434 ire
620 2383 733 2447 perrexi:
750 2383 854 2433 accessi:
873 2384 970 2434 adstiti:

246 2473 362 2522 Animam
383 2472 535 2537 compressi:
561 2488 646 2523 aurem
664 2473 778 2522 admovi:
804 2472 839 2521 ita
856 2474 966 2523 animum
982 2473 1047 2536 coepi

309 2561 445 2623 attendere,

246 2655 299 2702 Hoc
312 2653 385 2701 modo
398 2667 536 2702 sermonem
549 2660 657 2716 captans.
690 2653 741 2699 An.
758 2652 807 2710 Eu,
818 2651 881 2700 Geta
894 2654 900 2698 !
939 2653 982 2700 Ge.
1000 2651 1048 2700 llic

306 2743 508 2805 pulcherrumum

242 2830 346 2880 Facinus
357 2831 453 2879 audivi:
473 2830 554 2892 itaque
564 2843 626 2892 pene
637 2830 720 2878 hercle
730 2825 864 2878 exo'lamari
875 2829 972 2890 gaudio.

240 2920 291 2967 An.
310 2919 398 2974 Quod?
421 2920 463 2967 Ge.
482 2918 611 2973 Quodnam
624 2917 765 2968 arbitrare?
800 2919 853 2967 Aa.
870 2917 969 2967 Nescio.
1005 2920 1049 2967 Ge.

307 3008 382 3069 Atqui
395 3007 619 3054 mirificissumum:

242 3099 346 3146 Patruus
366 3105 423 3144 tuns
437 3103 505 3158 pater
523 3103 560 3145 est
577 3095 690 3145 inventus
704 3093 797 3145 Phanio
818 3095 889 3143 uxori
909 3102 965 3144 tun.
999 3099 1052 3146 Aer.

305 3187 385 3233 Hem!
408 3217 411 3224 .
