2459 3800
244 436 292 483 ara
451 433 657 500 nnnnnnnn
675 429 842 490 PHQRMIO.

244 571 385 622 Amicitiam
397 575 407 620 ἓ
426 571 601 632 anetensem,
614 579 657 621 ant
667 571 780 621 auditum
791 570 864 620 veiim
875 574 886 620 ἓ

244 664 291 710 Pb.
308 661 334 710 Si
344 660 503 710 concordabis
514 675 570 709 cum
582 661 636 721 ilia,
646 661 747 710 habebis
759 676 813 723 qnae
824 669 892 710 mam

245 749 400 798 Senectutem
411 749 531 798 oblcctet:
549 748 643 811 respice
652 756 751 798 aetatem
758 757 835 799 mam.

245 841 293 888 De,
309 840 346 887 'l'e
357 839 478 887 obiectet:
497 837 542 886 tibi
552 837 624 888 habe.
658 841 705 896 Ph.
723 838 811 888 Minue
822 852 880 888 vero
894 837 966 887 iram.
1000 838 1049 884 De.

311 929 365 975 Hoc
377 941 420 988 age
432 947 438 975 ι

246 1013 310 1064 Satis
318 1017 369 1076 jam
381 1016 559 1064 verborum’stz
578 1014 627 1064 nisi
638 1022 665 1064 tn
677 1029 792 1079 properas
803 1014 934 1064 mulierem

245 1102 385 1163 abducere,
396 1115 441 1163 ego
452 1102 519 1151 iliam
532 1102 644 1164 eiiciam:
662 1104 727 1164 dixi,
738 1104 864 1153 Phormio.

247 1194 294 1239 Pa.
310 1191 375 1240 Situ
388 1191 456 1240 iliam
468 1193 576 1254 attigeris
593 1207 663 1242 secus
679 1208 751 1256 qnam
769 1194 869 1256 dignum
880 1201 919 1243 est
937 1193 1052 1254 liberam,

247 1281 333 1330 Dicam
344 1280 389 1329 tibi
400 1281 532 1345 impingam
545 1282 663 1344 grandem
674 1304 679 1331 :
697 1282 761 1341 dixi,
770 1283 903 1346 Demipho.

248 1368 273 1417 Si
286 1367 344 1430 qnid
356 1383 418 1431 opus
430 1369 514 1430 inerit,
526 1369 599 1430 heus,
609 1365 684 1419 domo
692 1384 742 1420 me.
777 1372 820 1420 Ge.
837 1369 961 1431 intelligo.

483 1605 594 1654 ACTUS
612 1605 645 1652 ii.
678 1605 788 1654 SCENA
806 1605 849 1653 1v.

308 1719 444 1767 Dnnrnno.
477 1720 558 1767 Gerr.
592 1721 689 1767 Hecto.
723 1719 867 1768 Cerrinus.
901 1719 992 1772 cano.

250 1822 359 1876 Qunam
371 1833 411 1868 me
420 1832 480 1868 cura
491 1827 516 1868 et
526 1818 693 1868 sollicitudine
704 1819 777 1871 afficit

250 1912 356 1973 Gnatus,
366 1912 409 1973 qui
420 1926 459 1961 me
470 1919 495 1960 et
503 1926 529 1959 se
540 1911 608 1960 hisce
619 1909 745 1973 impedivit
755 1909 861 1973 nuptiis!

250 2001 273 2046 N
275 2014 336 2061 eque
347 1999 408 2049 mihi
418 1999 444 2047 in
455 2006 612 2061 conspectum
624 1998 707 2062 prodit
717 2019 725 2061 3
738 1982 771 2048 'ut
781 2000 868 2048 saitem
879 1998 965 2060 sciara,

250 2088 315 2143 Quid
324 2088 354 2136 de
365 2088 411 2136 hec
422 2102 449 2135 re
460 2087 535 2147 dicat,
547 2087 635 2150 quidve
645 2087 678 2136 sit
688 2087 824 2137 sententie.

248 2176 298 2226 Abi
308 2184 346 2237 tn,
357 2177 407 2225 vise
418 2176 550 2225 redieritne
558 2178 622 2237 jam,
634 2191 665 2225 an
676 2176 799 2236 nondum,
810 2177 922 2225 domum.

252 2268 294 2315 Ge·
312 2266 358 2315 Eo.
390 2268 439 2313 De.
454 2264 548 2315 Videtis
560 2280 608 2327 quo
620 2265 712 2314 inioco
722 2280 762 2314 res
770 2266 823 2315 baec
831 2264 893 2321 siet3

251 2362 317 2417 Quid
328 2364 392 2425 ago?
412 2362 462 2423 dic,
475 2362 562 2423 Hegio.
595 2365 643 2411 He.
660 2362 732 2423 Ego?
752 2361 891 2421 cratinum,
901 2374 1002 2421 censeo,

252 2452 279 2501 Si
288 2451 333 2502 tibi
345 2452 448 2507 ridetur.
481 2454 529 2500 De.
547 2450 603 2511 Dic,
616 2449 724 2500 Gratiae.
759 2451 816 2498 Cro.
832 2452 907 2498 Mene
918 2447 975 2497 ris?

250 2541 300 2590 De.
327 2543 371 2589 Te.
418 2542 475 2589 Gra.
501 2541 555 2601 Ego
576 2539 666 2601 quaein
685 2552 737 2586 rem
756 2544 825 2585 tuam
844 2536 904 2597 siat,
924 2549 955 2585 ea
974 2535 1049 2586 veliin

316 2630 409 2693 faciam
422 2629 484 2680 mihi

252 2718 292 2769 Sic
304 2718 350 2767 hoc
360 2718 463 2767 videtur.
497 2716 570 2770 Quod
581 2723 606 2764 te
617 2717 718 2765 absente
728 2714 769 2764 bic
779 2714 845 2764 filins

251 2806 318 2868 Egit,
328 2806 422 2863 restitui
433 2805 457 2855 in
466 2805 599 2865 interirem,
612 2819 709 2866 aequom
720 2811 757 2852 est
767 2812 793 2853 et
803 2805 909 2853 bonnm

251 2894 284 2942 Et
295 2892 321 2943 id
337 2892 495 2956 impetrabis:
513 2891 574 2941 dixi.
606 2895 655 2941 De.
671 2891 717 2940 Dic
729 2906 804 2952 nanc,
817 2891 904 2952 Hegio.

252 2984 301 3032 He.
318 2985 369 3044 Ego
381 2983 467 3032 sedulo
476 2983 543 3031 hunc
555 2981 647 3032 dixisse
657 2981 746 3031 credo:
764 2995 849 3030 verum
860 2980 896 3029 ite
905 2988 953 3040 est,

253 3073 322 3125 Quot
330 3068 444 3123 homines
461 3069 645 3119 totsententiaez
664 3082 722 3119 snus
733 3067 821 3130 cuique
833 3080 895 3117 mos.
