2459 3800
382 499 500 551 ncms
518 500 538 549 l.
571 498 682 549 SCENA
697 494 743 548 lv.
924 500 973 548 3⁰5

170 634 235 695 Quid
251 651 339 699 egeex
355 638 404 688 hee
415 636 499 701 inopia
514 652 580 689 nunc
590 636 695 701 euplum,
713 644 738 687 et
749 636 845 700 quiden
860 651 892 686 ex
911 634 971 687 istae

236 726 314 790 copie.

170 816 246 865 Uene
258 814 355 878 eddam,
373 815 438 878 quod
453 814 506 865 sine
516 824 600 865 rumtn
610 815 753 878 ingenuam,
772 814 900 865 liberalem
916 828 973 866 nae·

144 886 147 892 ’
234 913 274 956 rur
285 920 328 956 err

170 994 243 1050 Quod
250 995 337 1057 hebes,
348 994 383 1044 ile
393 1003 421 1045 ut
430 994 539 1057 voluisti,
548 1009 653 1045 uxerem
664 993 718 1044 eine
726 994 865 1043 murram
872 995 970 1057 pelam:

169 1089 277 1150 Beatue5
305 1088 332 1138 ni
350 1103 427 1139 unum
444 1090 491 1140 hoe
509 1090 584 1153 desit,
602 1090 699 1140 animur
716 1090 759 1152 qui
776 1090 886 1139 medente
902 1088 969 1140 istm

235 1178 306 1227 feret.

169 1268 203 1316 lit
220 1266 296 1317 alubi
307 1282 347 1317 ree
366 1267 398 1319 eit
408 1282 464 1318 cum
481 1282 511 1317 eo
530 1270 631 1331 lenone,
649 1284 755 1333 quocum
772 1268 834 1319 mihi
845 1276 893 1331 eet,
916 1277 970 1319 rum

232 1356 331 1406 sentiae.

168 1446 206 1495 Ite
216 1446 327 1509 plerique
337 1446 435 1509 ingenio
446 1462 530 1497 snmus
542 1462 638 1508 omnen,
652 1447 738 1497 Nostri
750 1456 848 1497 nosmet
857 1448 969 1511 poenilet.

168 1534 221 1583 An.
237 1536 272 1583 Ae
289 1542 317 1584 tu
329 1535 390 1584 mihi
409 1544 496 1585 contra
512 1551 577 1585 nune
587 1536 669 1585 videre
681 1536 831 1597 fortunatus,
847 1536 970 1597 unauna,

171 1622 217 1673 Cui
226 1622 256 1672 de
266 1622 362 1685 inoegro
373 1631 410 1673 eet
421 1631 528 1687 potestas
538 1624 613 1674 etiam
625 1624 779 1686 consulendi,
791 1624 850 1687 quid
860 1625 937 1688 velie3

169 1711 295 1773 Retinere,
318 1726 411 1773 emere,
432 1712 559 1785 emittere:
589 1726 634 1775 ego
656 1713 683 1761 in
705 1727 761 1762 eum
783 1714 858 1764 incidi
883 1714 971 1764 infelix

234 1802 328 1862 locum,

170 1892 206 1942 Ut
218 1905 296 1953 neque
305 1889 366 1939 mihi
376 1891 430 1952 ejus
439 1889 471 1940 sit
481 1889 620 1952 emittendi,
632 1905 677 1941 nee
688 1889 809 1940 retinendi
819 1890 897 1954 eopia.

169 1981 218 2031 Sed
226 1979 286 2044 quid
296 1981 343 2030 hoe
350 1987 389 2030 eet
399 1983 409 2029 ἓ
428 1980 525 2030 videon’
535 1993 580 2042 ege
589 1981 677 2029 Getam
688 1987 828 2029 currentem
838 1979 887 2028 huc
898 1979 971 2028 adve-

235 2070 308 2120 nire?
899 2119 906 2130 ‚

169 2163 193 2212 le
204 2169 241 2210 eet
251 2160 333 2224 ipsus:
351 2160 392 2210 hei
403 2160 480 2210 timeo
491 2159 576 2221 miser,
587 2174 662 2222 quum
672 2159 712 2208 hie
721 2173 788 2210 nune
797 2158 858 2208 milri
869 2157 970 2208 nunciet

234 2254 303 2301 rem!

369 2476 481 2528 ACTUS
499 2477 519 2524 Ι.
569 2474 680 2523 SCENA
697 2475 739 2523 lV.

361 2592 441 2640 Gerr.
474 2592 607 2641 Annene.
641 2591 780 2638 Panum.

169 2693 194 2742 N
197 2703 279 2740 uinus
290 2704 328 2751 ee,
347 2690 428 2754 Gete3
447 2690 495 2740 nisi
512 2692 565 2752 Jem
575 2690 676 2753 aliquod
687 2690 732 2740 tibi
743 2689 874 2741 wneiiium
888 2690 968 2740 eelere

235 2778 386 2842 reppereris:

170 2870 209 2917 lta
221 2879 286 2916 nune
298 2866 445 2930 imparatum
456 2867 537 2916 subite
546 2874 614 2918 teuta
624 2876 649 2916 te
659 2866 803 2930 impendent
813 2867 894 2917 mele:

169 2962 231 3014 Quae
243 2973 322 3022 neque
332 2959 369 3008 nti
380 2960 484 3008 devitem
496 2959 558 3019 ecio,
571 2972 650 3020 neque
665 2956 789 3020 quomode
801 2971 841 3006 me
858 2956 916 3007 inde
926 2969 971 3006 ex⁴

234 3049 330 3098 traham
341 3069 347 3099 :

168 3134 234 3182 Nam
244 3146 294 3181 nen
305 3139 386 3196 potest
396 3132 471 3182 celeri
482 3140 567 3182 nostre
580 3131 671 3181 diutine
679 3132 731 3192 jam
742 3126 858 3178 eudaeiez

556 3231 574 3268 x
