2459 3800
238 458 271 505 48
462 459 489 508 Ρ.
506 457 668 506 TEREN'l'll
684 456 822 506 ANDRlA.

238 595 352 646 Aliorum
364 598 478 660 exempla
489 605 649 646 commonent
660 618 665 647 ι
682 596 757 646 simul
768 580 892 656 arbitror,-

239 692 297 740 lam
308 689 414 751 aliquem
425 703 478 738 esse
489 689 596 738 amicum
606 697 633 738 et
644 689 800 738 defensorem
811 688 849 736 ei:
872 702 931 737 nam
941 689 994 737 fere

239 777 417 828 Grandiuscula
425 779 477 837 jam
487 777 630 838 profecta’st
640 775 708 825 illinc
718 794 724 825 ι
744 776 881 838 clamitem,

238 870 281 916 Me
292 867 464 931 sycophantam
475 866 622 915 hereditates
633 865 758 929 persequi,

238 956 381 1006 Mendicum
392 975 397 1004 :
408 964 471 1015 tum,
481 955 558 1018 ipsam
570 954 707 1018 despoliare
718 954 846 1003 nonlicet

238 1047 292 1106 Mp.
310 1045 418 1107 Optume
429 1045 529 1105 hospes,
541 1045 593 1107 pol,
606 1044 687 1103 Crito,
699 1043 829 1106 antiquum
839 1044 945 1093 obtines.

241 1134 284 1182 01.
300 1134 353 1182 Duc
365 1147 404 1181 me
414 1132 445 1181 ad
457 1145 512 1181 eam
524 1152 529 1180 :
546 1131 644 1194 quando
664 1133 713 1180 buc
723 1132 791 1193 veui,
811 1140 840 1180 ut
851 1131 954 1180 videam.
987 1134 1042 1194 My.

303 1223 428 1270 Maxume.

237 1303 307 1361 111111.Ι
321 1312 414 1374 Sequar
424 1312 485 1361 hos:
505 1311 563 1360 uolo
575 1324 615 1360 me
626 1311 651 1359 in
664 1318 775 1374 tempore
786 1311 833 1360 hoc
843 1309 924 1360 videat
933 1323 1018 1359 senex.

470 1712 581 1779 acnus'
599 1730 629 1778 v.
663 1727 774 1778 sesua
791 1728 810 1776 1.

512 1815 654 1890 Cunamns.
686 1842 765 1890 Simo.

235 1940 312 1993 Same
320 1942 382 2002 jnm,
393 1942 462 2004 satis,
474 1942 554 2004 Simo,
567 1951 675 2007 spectata
684 1956 743 2004 erga
752 1949 777 1990 te
786 1917 925 1989 amicitiaist
935 1953 1003 1988 mea:

235 2027 299 2077 Satis
309 2028 393 2091 pericli
404 2030 467 2093 coepi
476 2030 542 2080 adire
553 2053 558 2081 :
572 2030 661 2081 orandi
668 2032 720 2091 jam
731 2030 806 2078 tinem
817 2029 877 2077 iace.

235 2118 302 2165 Dum
312 2118 398 2168 studeo
409 2120 510 2182 obsequi
518 2120 573 2181 tibi,
584 2134 647 2184 pene
657 2120 726 2168 illusi
733 2119 808 2168 vitam
818 2117 884 2167 filie.

235 2207 271 2254 Si.
290 2207 344 2256 lmo
359 2208 426 2256 euim
447 2224 513 2259 nunc
532 2223 606 2272 quam
622 2209 732 2258 maxime
752 2209 795 2257 abs
809 2215 834 2257 te
846 2206 955 2270 postulo,
967 2213 1039 2269 atque

299 2310 354 2356 oro,
368 2298 483 2360 Chreme,

234 2385 271 2433 Ut
280 2384 426 2435 beneficium
439 2388 517 2437 verbis
527 2387 618 2437 initum
629 2390 734 2450 dudum,
745 2402 810 2438 nunc
821 2402 847 2436 re
860 2388 1013 2450 comprobes.

234 2472 278 2520 01.
295 2471 368 2534 Vide,
388 2489 461 2537 quam
479 2474 577 2539 iniquus
595 2478 629 2528 sis
646 2492 697 2540 prae
713 2477 806 2537 studio,
824 2476 883 2525 dum
901 2476 927 2524 id
945 2475 1037 2525 efficias

298 2562 364 2624 quod
375 2564 453 2627 cupis,

233 2648 320 2709 Neque
329 2648 431 2697 modum
442 2650 610 2712 benignitatis,
621 2666 712 2714 neque,
720 2650 780 2714 quid
789 2665 828 2699 me
836 2665 902 2711 ores,
913 2651 1024 2721 cogitas.¹

204 2802 206 2805 .
232 2736 297 2783 Nam
308 2735 329 2784 si
337 2737 440 2799 cogites,
451 2740 562 2789 remittas
571 2743 623 2802 jam
634 2755 674 2789 me
686 2755 791 2790 onerare
801 2740 907 2802 injuriis.

231 2824 398 2878 1111111111
436 2827 478 2877 11.
495 2828 551 2878 Ah!
571 2829 679 2891 copes?
702 2829 892 2892 perpaucae,
903 2828 1037 2880 stromat
1072 2812 1075 2818 '

302 2912 497 2977 adolescentulo,

231 3007 260 3054 ln
272 3004 321 3053 alio
333 3014 449 3069 occupato
459 3020 555 3068 amose,
563 3007 706 3057 abhorrenti
716 3010 748 3057 ab
758 3024 786 3058 re
796 3009 895 3071 uxoria,

231 3092 319 3143 Filiam
330 3093 415 3143 darem
423 3094 449 3144 in
461 3095 616 3159 seditionem,
627 3103 700 3160 atque
711 3096 815 3148 incertas
823 3096 937 3163 nuptias3
