2459 3800
250 501 299 550 272
447 501 475 550 Ρ.
491 500 652 552 Testem
672 501 816 552 nectas„
922 531 924 535 ·

451 804 454 809 ·
474 790 585 839 ACTUS
603 790 647 838 IV.
677 788 788 839 SCENA
806 789 827 839 Ι.

476 906 637 953 Menenius.
670 905 827 953 Pernsrws.

250 1008 341 1055 Peru!
359 1003 418 1068 quid
430 1006 519 1067 egem?
538 1018 587 1066 quo
599 1016 640 1052 me
650 1005 767 1053 vortam?
787 1001 849 1066 quid
865 1002 921 1052 viro
938 1018 996 1054 meo
1011 1018 1054 1054 n·

311 1094 436 1157 spondebo

249 1183 341 1233 Misera
352 1186 362 1233 ἓ
382 1197 440 1233 nem
451 1182 571 1233 audivisse
580 1196 666 1233 rocem
676 1182 747 1246 pueri
756 1182 843 1233 risu’st
853 1182 986 1245 vagientis:

249 1277 286 1323 lta
296 1273 416 1337 corripuit
425 1273 554 1336 derepente
565 1273 653 1322 tacitns
663 1287 718 1322 sese
727 1272 759 1322 cd
771 1272 857 1322 tiliam.

249 1363 321 1420 Quod
334 1364 354 1413 si
366 1362 477 1413 rescierit
486 1361 609 1427 peperisse
621 1377 685 1418 eom,
696 1361 722 1411 id
732 1375 781 1425 que
790 1374 865 1411 consa
875 1361 939 1413 clem
956 1376 997 1411 me
1006 1362 1050 1413 ht·

312 1452 394 1501 buisse
487 1484 493 1501 .

248 1540 343 1603 Dicam,
354 1556 404 1591 non
412 1541 506 1604 edepol
517 1538 576 1589 scio.

247 1632 297 1683 Sed
313 1632 404 1682 ostium
421 1630 579 1694 concrepuit!
597 1629 671 1679 credo
686 1630 767 1693 ipsum
778 1630 810 1681 ed
825 1645 865 1681 me
876 1630 964 1681 exire:
981 1630 1052 1681 nulla

311 1726 382 1771 sum!
425 1758 429 1767 .

247 1813 294 1860 Pi.
311 1812 383 1862 Uxor
393 1810 433 1859 nbi
445 1824 484 1859 me
496 1808 527 1859 cd
539 1808 616 1857 tiliam
629 1808 665 1857 ire
676 1807 763 1870 sensit,
774 1823 801 1858 se
810 1808 881 1859 duxit
890 1810 977 1859 iorasz

220 1880 223 1885 ’
248 1903 328 1965 Atque
346 1915 428 1950 eccam
441 1900 520 1950 video.
537 1900 603 1954 one
619 1900 665 1962 an,
676 1900 827 1964 Myrrhina?
846 1897 1051 1961 censendo.

310 1991 364 2052 My.
381 1989 488 2050 Mihine‚
500 1989 535 2038 mi
545 1989 582 2038 vir
596 1992 605 2038 i

246 2081 294 2128 Pi.
310 2078 355 2128 Vir
365 2092 410 2139 ego
422 2085 478 2127 tuns
489 2081 562 2128 sum?
581 2080 635 2128 tnn’
651 2079 733 2128 virum
749 2094 802 2141 mc,
818 2078 998 2129 authominem
1008 2078 1052 2128 de·

311 2175 380 2230 putes
393 2166 453 2216 adeo
464 2170 536 2217 esse?

246 2257 311 2305 Nem
331 2254 353 2304 si
364 2256 485 2305 utmmvis
503 2257 602 2319 horum,
622 2256 722 2320 mulier,
741 2271 849 2320 unquam
866 2256 912 2307 tibi
928 2256 994 2308 visen
1011 2257 1052 2308 fo-

185 2341 187 2345 ’
308 2360 374 2407 rem,

245 2436 302 2486 Non
318 2434 352 2485 sic
366 2433 474 2486 ludibrio
484 2435 534 2486 tuis
545 2437 615 2486 factis
626 2436 726 2488 habitus
737 2451 826 2496 essem.
858 2438 919 2501 My„
930 2436 1026 2493 onibus
1037 2438 1048 2486 i

308 2528 355 2575 Pi.
371 2527 406 2575 At
415 2525 526 2588 roffl'tas?
883 2543 886 2549 ¹

244 2613 342 2680 Peperit
359 2613 431 2665 filie?
457 2614 535 2676 hem!
553 2616 638 2664 taces?
656 2617 768 2677 exque?
803 2616 858 2677 My.
875 2616 941 2664 Istuc
953 2621 1049 2677 patrem

307 2716 394 2766 rogere
404 2710 442 2752 est
452 2716 547 2764 aequom
558 2705 567 2750 ?

243 2791 327 2842 Perii!
345 2807 434 2855 exquo
445 2806 541 2854 censes,
556 2791 603 2842 nisi
622 2792 725 2854 exilio,
745 2791 786 2843 cui
797 2793 856 2841 date
874 2799 914 2842 est
932 2800 1049 2856 nuptum,
1129 2827 1132 2831 -

307 2882 429 2932 obsecro?
1042 2927 1045 2933 ,

241 2973 287 3020 Ph.
304 2971 384 3022 Credo
395 2992 403 3035 ς
422 2986 501 3034 neque
512 2971 573 3020 adeo
584 2970 700 3021 arbitrari
708 2971 785 3034 petris
796 2979 834 3021 est
844 2970 931 3034 aliter:
950 2971 995 3022 sed
1004 2970 1050 3036 de-¹

304 3060 382 3110 miror

241 3147 307 3203 Quid
318 3148 361 3212 sit,
373 3150 531 3212 quomobrem
543 3155 669 3214 tantopere
680 3163 767 3200 omnes
777 3164 823 3200 nos
834 3150 916 3200 celare
925 3149 1033 3199 volueris
