2459 3800
255 489 305 537 ³06
457 488 484 535 P.
503 486 665 536 TERENTH
683 485 851 538 PHORnsso.

261 630 333 693 (Qum
350 628 435 677 sinon
447 635 501 677 antu
511 627 681 691 providentur,
700 642 741 676 me
756 635 801 677 eut
814 629 905 676 herum
914 627 1063 691 pessumum*

321 717 403 778 bunt.)

257 810 310 858 An.
328 807 451 863 Quidnam
464 806 507 856 ille
516 815 655 856 commotus
666 807 750 855 venit?

260 901 304 948 Ge.
319 900 395 959 Tum,
407 897 525 960 temporis
536 895 598 944 mihi
609 903 726 958 punctum
737 895 838 945 adhunc
849 910 902 944 rem
913 903 967 945 eet:
986 897 1063 946 herus

323 988 399 1036 adest.
432 987 484 1036 An.
503 985 568 1042 Quid
579 985 767 1034 intuemali'rt?

261 1079 305 1126 Ge.
323 1075 395 1130 Quod
411 1089 488 1138 quum
500 1073 615 1135 audierit,
635 1074 701 1137 quod
720 1076 773 1135 eJun
791 1073 927 1124 remedium
939 1075 1062 1124 inveniam

324 1164 478 1213 iracundiae?

261 1255 411 1316 Loquerne?
431 1253 561 1302 incendam
573 1273 579 1323 ,²
598 1259 693 1301 meeum
708 1253 718 1299 ἓ
738 1251 869 1312 instigem:
885 1266 988 1314 purgem
999 1267 1040 1300 me
1054 1254 1065 1300 ἓ

326 1343 429 1391 laterem
441 1341 532 1390 lavem.

262 1432 332 1481 Eheu
344 1445 384 1479 me
403 1429 537 1479 miserum!
555 1443 631 1490 qnnm
651 1426 712 1476 mihi
730 1442 816 1492 pnveo,
834 1437 887 1478 tum
898 1429 1008 1492 Antipho
1026 1433 1067 1478 rne'

327 1518 452 1568 excruciat
463 1517 555 1568 animi:

263 1610 323 1670 Ejus
330 1623 369 1657 me
378 1607 492 1657 miseret:
510 1607 533 1655 ei
544 1621 610 1655 nnnc
621 1606 713 1656 timeo:
731 1607 753 1655 is
761 1621 828 1656 nunc
840 1622 879 1656 me
890 1607 992 1658 retinet:
1009 1623 1067 1657 nam

329 1699 420 1760 absque
431 1712 461 1746 eo
472 1705 548 1757 esset,

264 1789 340 1837 Recte
358 1801 403 1848 ego
422 1785 483 1836 mihi
502 1785 636 1848 vidissem3
661 1793 687 1834 et
706 1787 771 1836 renis
789 1801 869 1836 essem
887 1787 954 1836 ultus
972 1788 1071 1837 iracun-

330 1875 437 1926 diamz'

265 1965 366 2028 Aliquid
376 1978 556 2024 convusassem,
577 1972 650 2026 atque
661 1964 718 2014 hinc
731 1979 771 2015 me
787 1965 934 2027 coniicerem
950 1967 1071 2030 protinus·-

332 2054 358 2101 in
372 2054 454 2116 pedes.

266 2145 319 2192 An.
337 2146 417 2199 Quam
426 2142 466 2191 hic
475 2144 568 2203 fugam,
580 2152 624 2193 aut
633 2145 728 2194 inrtnm
741 2148 830 2209 parnt?

270 2235 313 2282 Ge.
331 2232 380 2281 Sed
388 2232 430 2280 ubi
443 2231 611 2295 Antiphonem
625 2234 783 2296 repperiam?
801 2243 845 2284 ant
855 2250 903 2297 qun
913 2250 1022 2298 quaerere
1032 2236 1072 2285 in·

333 2321 417 2370 sistam
430 2319 489 2369 via?

270 2414 316 2461 Pi.
332 2412 370 2459 Te
388 2409 508 2460 nominat.
541 2411 593 2459 An.
610 2411 700 2462 Nescio
711 2414 778 2476 quod
790 2428 905 2477 magnum
923 2417 970 2465 hoc
981 2418 1073 2467 nuncio

334 2508 449 2564 exspecto
458 2500 560 2550 mnium.
955 2482 957 2485 ,

266 2592 317 2641 Ph.
334 2592 374 2639 An
387 2594 392 2639 Ε
412 2603 518 2639 sanusne
529 2591 576 2638 es?
615 2592 658 2640 Ge.
674 2592 782 2641 Domum
791 2591 828 2642 ire
838 2607 937 2656 pergam
949 2616 954 2645 ι
973 2595 1007 2644 ibi
1018 2596 1074 2660 pln-

335 2678 474 2729 .rirnum’st.
507 2680 553 2728 Ph.
570 2680 721 2729 Revocemus

278 2766 417 2816 Hominem.
453 2766 505 2815 An.
523 2756 652 2816 Stailiico.
688 2770 730 2818 Ge.
749 2771 831 2819 Hem!

273 2856 337 2905 Satis
348 2869 392 2919 pro
409 2853 523 2918 imperio,
535 2854 644 2917 quinquin
653 2870 688 2905 es.
733 2857 785 2906 An.
796 2859 866 2908 Geta.
901 2862 944 2909 Ge.
962 2861 1016 2923 Ipse
1032 2871 1081 2921 est,

339 2958 413 3006 quem
423 2943 492 2993 volui
500 2944 607 2999 obviam.

274 3033 326 3085 An.
344 3032 411 3081 cedo
422 3031 481 3094 quid
492 3040 585 3095 portur,
602 3033 724 3082 obsecro?
743 3040 816 3096 atque
827 3034 863 3097 id,
875 3035 896 3083 ni
911 3044 990 3098 pones,
1001 3039 1076 3087 verbo

343 3118 438 3183 expedi·
