2459 3800
256 493 304 542 336
453 495 480 542 P.
499 490 661 540 'FERENTII
679 489 845 541 PHORMIO.

429 669 430 674 ’
492 699 603 751 serus
620 700 651 746 ν.
668 698 779 760 scrius
796 698 829 745 11.

540 815 677 862 Dnrurruo.
711 814 791 861 Gnrn.

261 913 416 959 Nosrmrrs
427 911 500 972 culpa
511 909 626 970 facimus,
635 917 663 958 ut
675 911 754 958 malos
765 907 881 972 expedint
893 922 956 970 esse,

261 1001 325 1046 Dum
339 1000 443 1048 nimium
454 999 555 1048 diuinos
566 1001 646 1048 bonos
657 999 783 1049 studemus
794 1006 820 1047 et
830 999 966 1061 benignos:

261 1089 299 1136 Ita
310 1088 399 1150 fugias,
419 1103 449 1138 ne
468 1097 555 1151 praeter
571 1104 665 1150 casam,
688 1090 754 1152 quod
765 1090 842 1138 aiunt.
876 1092 966 1139 Nonne
987 1089 1012 1139 id
1029 1099 1068 1140 sat

326 1186 389 1239 erat,
870 1173 874 1181 '

260 1267 376 1332 Accipere
389 1269 419 1316 ab
430 1268 474 1316 illo
485 1267 622 1328 iujuriam?
640 1267 714 1316 etiam
726 1269 889 1329 urgenmm'st
900 1267 967 1316 nitro
979 1268 1065 1330 objec-

328 1365 392 1418 tum,
824 1348 826 1352 ’

264 1449 300 1496 Ut
311 1447 343 1496 sit
353 1447 395 1508 qui
405 1447 479 1507 vivat,
492 1448 549 1496 dum
563 1446 655 1508 aliquid
667 1446 734 1495 alind
742 1446 827 1508 flagitii
835 1445 959 1495 conficiat.

264 1540 307 1587 Ge.
325 1537 485 1587 Planissunre.
517 1541 565 1586 De.
583 1537 616 1585 lis
635 1551 700 1587 nunc
715 1537 843 1600 proemium
862 1545 909 1597 est,
936 1535 978 1598 qui
995 1543 1063 1584 reeta

327 1639 401 1688 prava
412 1625 513 1674 faciunt.

264 1715 306 1762 Gn.
324 1713 471 1762 verissume.
504 1717 552 1763 De.
574 1715 610 1763 Ut
621 1713 766 1765 stultissime
778 1713 876 1776 quidem
889 1713 927 1762 illi
945 1727 998 1762 rem
1009 1727 1065 1775 ges·

327 1803 439 1851 serimus.

264 1894 306 1941 Ge.
325 1891 402 1941 Modo
414 1900 441 1941 ut
447 1891 495 1940 hoc
506 1890 611 1941 consilio
623 1891 715 1955 possiet
726 1890 828 1953 discedi,
845 1900 874 1940 ut
884 1891 956 1941 istem
966 1892 1047 1941 ducat·

263 1984 308 2031 De.
325 1982 438 2030 Etiamne
449 1981 475 2029 id
482 1981 616 2030 dubium'st
627 1983 636 2029 ἓ
675 1983 718 2031 Ge.
735 1983 803 2030 Haut
813 1979 865 2030 scio
875 1982 971 2042 hercle,
981 1980 1069 2029 utho-·

326 2073 411 2132 most,
422 2085 453 2119 an
466 2079 544 2120 mutet
552 2072 672 2119 animum.

263 2162 307 2207 De.
326 2161 405 2208 Hem!
425 2167 503 2211 mutet
522 2162 626 2209 autem?
664 2163 707 2209 Ge.
726 2159 833 2209 Nescio:
849 2169 948 2219 verum,
959 2158 981 2207 si
989 2159 1064 2219 sorte,

325 2247 387 2317 dicu.

259 2340 307 2385 De.
323 2339 360 2385 lta
371 2336 470 2398 faniam,
481 2345 510 2386 ut
521 2337 597 2386 frater
608 2336 719 2386 censuit:
738 2344 766 2385 ut
776 2351 880 2386 uxorem
890 2337 943 2398 ejus
957 2336 1006 2385 huc
1017 2336 1064 2384 ad-

325 2428 422 2488 ducam,

261 2518 323 2567 Cum
335 2516 382 2567 ista
393 2518 556 2579 utloquatnr:
567 2524 604 2576 tu,
614 2516 686 2576 Geta,
701 2514 739 2563 abi
747 2529 813 2577 prae:
832 2514 924 2562 nuncia
932 2513 1063 2563 hancven·

324 2614 414 2655 turam.

262 2698 305 2745 Ge.
321 2697 457 2757 Argentum
468 2694 629 2745 inventnm'st
639 2692 758 2743 Phaedriae
770 2715 776 2743 z
795 2694 825 2742 de
833 2692 916 2756 jurgio
927 2694 1013 2743 siletur
1026 2713 1032 2742 ε

260 2783 388 2833 Provisum
398 2790 445 2844 est,
461 2798 492 2833 ne
503 2784 529 2832 in
540 2783 670 2847 praesentis
680 2782 732 2831 haec
743 2782 800 2830 hinc
809 2783 880 2831 abeat
891 2803 897 2832 z
916 2782 975 2844 quid
995 2796 1062 2831 nunc

328 2888 402 2935 porro
414 2875 423 2920 ἓ

265 2960 331 3016 Quid
342 2961 400 3009 fiet?
421 2960 445 3009 in
457 2960 543 3009 eodem
555 2961 609 3009 luto
621 2959 718 3009 haesitas
730 2977 735 3004 :
755 2974 881 3009 versuram
893 2961 982 3020 solves,

262 3051 340 3098 Geta:
359 3064 466 3111 presens
478 3052 543 3112 quod
555 3050 638 3099 fuerat
648 3052 751 3111 malum,
772 3050 798 3098 in
813 3051 878 3099 diem
891 3049 967 3099 abiit:
985 3050 1062 3114 plagas

325 3145 445 3197 crescunt,
