<?xml version="1.0" encoding="UTF-8"?>
<!DOCTYPE html PUBLIC "-//W3C//DTD XHTML 1.0 Transitional//EN"
    "http://www.w3.org/TR/xhtml1/DTD/xhtml1-transitional.dtd">
<html xmlns="http://www.w3.org/1999/xhtml" xml:lang="en" lang="en">
 <head>
  <title>
</title>
<meta http-equiv="Content-Type" content="text/html;charset=utf-8" />
  <meta name='ocr-system' content='tesseract 3.04.00' />
  <meta name='ocr-capabilities' content='ocr_page ocr_carea ocr_par ocr_line ocrx_word'/>
</head>
<body>
  <div class='ocr_page' id='page_1' title='image "./comoediaesexadf00zeungoog_0028.png"; bbox 0 0 2459 3800; ppageno 0'>
   <div class='ocr_carea' id='block_1_1' title="bbox 398 423 975 477">
    <p class='ocr_par' dir='ltr' id='par_1_1' title="bbox 398 423 975 477">
     <span class='ocr_line' id='line_1_1' title="bbox 398 423 975 477; baseline 0.009 -5"><span class='ocrx_word' id='word_1_1' title='bbox 398 423 511 474; x_wconf 79' lang='lat' dir='ltr'><strong>AcTus</strong></span> <span class='ocrx_word' id='word_1_2' title='bbox 529 427 549 472; x_wconf 92' lang='lat'><strong>1.</strong></span> <span class='ocrx_word' id='word_1_3' title='bbox 591 424 702 475; x_wconf 70' lang='lat' dir='ltr'><strong>scunt</strong></span> <span class='ocrx_word' id='word_1_4' title='bbox 721 426 749 474; x_wconf 89' lang='lat' dir='ltr'><strong>V.</strong></span> <span class='ocrx_word' id='word_1_5' title='bbox 944 428 975 477; x_wconf 74' lang='lat'><strong>19</strong></span> 
     </span>
    </p>
   </div>
   <div class='ocr_carea' id='block_1_2' title="bbox 172 549 986 2761">
    <p class='ocr_par' dir='ltr' id='par_1_2' title="bbox 174 549 884 627">
     <span class='ocr_line' id='line_1_2' title="bbox 174 549 884 627; baseline 0.003 -17"><span class='ocrx_word' id='word_1_6' title='bbox 174 561 210 610; x_wconf 92' lang='lat' dir='ltr'><strong>Ut</strong></span> <span class='ocrx_word' id='word_1_7' title='bbox 221 549 299 624; x_wconf 82' lang='lat' dir='ltr'><strong>neque</strong></span> <span class='ocrx_word' id='word_1_8' title='bbox 310 576 349 612; x_wconf 89' lang='lat' dir='ltr'><strong>me</strong></span> <span class='ocrx_word' id='word_1_9' title='bbox 358 563 521 623; x_wconf 66' lang='lat' dir='ltr'><strong>consuetudo,</strong></span> <span class='ocrx_word' id='word_1_10' title='bbox 533 577 613 626; x_wconf 89' lang='lat' dir='ltr'><strong>neque</strong></span> <span class='ocrx_word' id='word_1_11' title='bbox 624 578 704 625; x_wconf 85' lang='lat' dir='ltr'><strong>amor,</strong></span> <span class='ocrx_word' id='word_1_12' title='bbox 715 578 795 626; x_wconf 84' lang='lat' dir='ltr'><strong>neque</strong></span> <span class='ocrx_word' id='word_1_13' title='bbox 804 563 884 627; x_wconf 87' lang='lat' dir='ltr'><strong>pudor</strong></span> 
     </span>
    </p>

    <p class='ocr_par' dir='ltr' id='par_1_3' title="bbox 175 649 865 714">
     <span class='ocr_line' id='line_1_3' title="bbox 175 649 865 714; baseline 0.006 -17"><span class='ocrx_word' id='word_1_14' title='bbox 175 649 345 711; x_wconf 78' lang='lat' dir='ltr'><strong>Commoveat,</strong></span> <span class='ocrx_word' id='word_1_15' title='bbox 356 665 436 714; x_wconf 86' lang='lat' dir='ltr'><strong>neque</strong></span> <span class='ocrx_word' id='word_1_16' title='bbox 447 658 612 713; x_wconf 79' lang='lat' dir='ltr'><strong>commoueat,</strong></span> <span class='ocrx_word' id='word_1_17' title='bbox 624 660 653 700; x_wconf 90' lang='grc' dir='ltr'><strong>ιιι</strong></span> <span class='ocrx_word' id='word_1_18' title='bbox 663 667 758 701; x_wconf 79' lang='lat' dir='ltr'><strong>servem</strong></span> <span class='ocrx_word' id='word_1_19' title='bbox 768 652 844 701; x_wconf 85' lang='lat' dir='ltr'><strong>fidem</strong></span> <span class='ocrx_word' id='word_1_20' title='bbox 856 655 865 700; x_wconf 70' lang='grc' dir='ltr'><strong><em>ἓ</em></strong></span> 
     </span>
    </p>

    <p class='ocr_par' dir='ltr' id='par_1_4' title="bbox 172 738 977 875">
     <span class='ocr_line' id='line_1_4' title="bbox 172 738 977 801; baseline 0.005 -17"><span class='ocrx_word' id='word_1_21' title='bbox 172 739 227 798; x_wconf 73' lang='lat' dir='ltr'><strong>My.</strong></span> <span class='ocrx_word' id='word_1_22' title='bbox 245 740 329 788; x_wconf 84' lang='lat' dir='ltr'><strong>Unum</strong></span> <span class='ocrx_word' id='word_1_23' title='bbox 345 738 394 787; x_wconf 90' lang='lat' dir='ltr'><strong>hoc</strong></span> <span class='ocrx_word' id='word_1_24' title='bbox 405 739 468 799; x_wconf 86' lang='lat' dir='ltr'><strong>scio,</strong></span> <span class='ocrx_word' id='word_1_25' title='bbox 479 739 666 789; x_wconf 79' lang='lat' dir='ltr'><strong>benemeritam</strong></span> <span class='ocrx_word' id='word_1_26' title='bbox 676 755 739 801; x_wconf 75' lang='lat' dir='ltr'><strong>eme,</strong></span> <span class='ocrx_word' id='word_1_27' title='bbox 755 749 784 790; x_wconf 86' lang='lat' dir='ltr'><strong>ut</strong></span> <span class='ocrx_word' id='word_1_28' title='bbox 800 753 896 788; x_wconf 86' lang='lat' dir='ltr'><strong>memor</strong></span> <span class='ocrx_word' id='word_1_29' title='bbox 910 753 977 788; x_wconf 77' lang='lat' dir='ltr'><strong>essee</strong></span> 
     </span>
     <span class='ocr_line' id='line_1_5' title="bbox 240 825 287 875; baseline -0.064 -1"><span class='ocrx_word' id='word_1_30' title='bbox 240 825 287 875; x_wconf 80' lang='lat' dir='ltr'><strong>eui.</strong></span> 
     </span>
    </p>

    <p class='ocr_par' dir='ltr' id='par_1_5' title="bbox 173 915 937 981">
     <span class='ocr_line' id='line_1_6' title="bbox 173 915 937 981; baseline 0.007 -19"><span class='ocrx_word' id='word_1_31' title='bbox 173 916 245 964; x_wconf 84' lang='lat' dir='ltr'><strong>Pom.</strong></span> <span class='ocrx_word' id='word_1_32' title='bbox 262 917 361 964; x_wconf 85' lang='lat' dir='ltr'><strong>Memor</strong></span> <span class='ocrx_word' id='word_1_33' title='bbox 371 929 450 964; x_wconf 81' lang='lat' dir='ltr'><strong>essem</strong></span> <span class='ocrx_word' id='word_1_34' title='bbox 461 919 471 964; x_wconf 72' lang='grc' dir='ltr'><strong><em>ἓ</em></strong></span> <span class='ocrx_word' id='word_1_35' title='bbox 489 931 506 965; x_wconf 91' lang='lat' dir='ltr'><strong>o</strong></span> <span class='ocrx_word' id='word_1_36' title='bbox 516 915 604 980; x_wconf 83' lang='lat' dir='ltr'><strong>Mysis,</strong></span> <span class='ocrx_word' id='word_1_37' title='bbox 614 918 703 981; x_wconf 73' lang='lat' dir='ltr'><strong>Mysis,</strong></span> <span class='ocrx_word' id='word_1_38' title='bbox 714 918 789 967; x_wconf 82' lang='lat' dir='ltr'><strong>etiem</strong></span> <span class='ocrx_word' id='word_1_39' title='bbox 797 933 863 967; x_wconf 87' lang='lat' dir='ltr'><strong>nunc</strong></span> <span class='ocrx_word' id='word_1_40' title='bbox 875 916 937 969; x_wconf 85' lang='lat' dir='ltr'><strong>mihi</strong></span> 
     </span>
    </p>

    <p class='ocr_par' dir='ltr' id='par_1_6' title="bbox 174 1003 736 1069">
     <span class='ocr_line' id='line_1_7' title="bbox 174 1003 736 1069; baseline 0.005 -17"><span class='ocrx_word' id='word_1_41' title='bbox 174 1003 272 1066; x_wconf 80' lang='lat' dir='ltr'><strong>Scripta</strong></span> <span class='ocrx_word' id='word_1_42' title='bbox 281 1004 326 1053; x_wconf 83' lang='lat' dir='ltr'><strong>illa</strong></span> <span class='ocrx_word' id='word_1_43' title='bbox 335 1004 401 1053; x_wconf 77' lang='lat' dir='ltr'><strong>dicte</strong></span> <span class='ocrx_word' id='word_1_44' title='bbox 411 1004 505 1056; x_wconf 85' lang='lat' dir='ltr'><strong>suntin</strong></span> <span class='ocrx_word' id='word_1_45' title='bbox 515 1006 598 1067; x_wconf 84' lang='lat' dir='ltr'><strong>auimo</strong></span> <span class='ocrx_word' id='word_1_46' title='bbox 611 1005 736 1069; x_wconf 72' lang='lat' dir='ltr'>Chrysidis</span> 
     </span>
    </p>

    <p class='ocr_par' dir='ltr' id='par_1_7' title="bbox 175 1091 776 1153">
     <span class='ocr_line' id='line_1_8' title="bbox 175 1091 776 1153; baseline 0.003 -14"><span class='ocrx_word' id='word_1_47' title='bbox 175 1092 214 1139; x_wconf 88' lang='lat' dir='ltr'><strong>De</strong></span> <span class='ocrx_word' id='word_1_48' title='bbox 225 1091 354 1153; x_wconf 82' lang='lat' dir='ltr'><strong>Glycerio:</strong></span> <span class='ocrx_word' id='word_1_49' title='bbox 370 1092 512 1152; x_wconf 30' lang='lat' dir='ltr'><strong>iam-ferme</strong></span> <span class='ocrx_word' id='word_1_50' title='bbox 522 1092 632 1142; x_wconf 80' lang='lat' dir='ltr'><strong>moriens</strong></span> <span class='ocrx_word' id='word_1_51' title='bbox 642 1108 682 1142; x_wconf 90' lang='lat' dir='ltr'><strong>me</strong></span> <span class='ocrx_word' id='word_1_52' title='bbox 692 1102 776 1144; x_wconf 83' lang='lat' dir='ltr'><strong>vocat:</strong></span> 
     </span>
    </p>

    <p class='ocr_par' dir='ltr' id='par_1_8' title="bbox 176 1180 739 1245">
     <span class='ocr_line' id='line_1_9' title="bbox 176 1180 739 1245; baseline 0.004 -16"><span class='ocrx_word' id='word_1_53' title='bbox 176 1180 294 1243; x_wconf 79' lang='lat' dir='ltr'><strong>Accessi3</strong></span> <span class='ocrx_word' id='word_1_54' title='bbox 312 1195 355 1230; x_wconf 77' lang='lat' dir='ltr'><strong>vos</strong></span> <span class='ocrx_word' id='word_1_55' title='bbox 365 1188 467 1230; x_wconf 81' lang='lat' dir='ltr'><strong>semotae</strong></span> <span class='ocrx_word' id='word_1_56' title='bbox 478 1201 484 1230; x_wconf 79' lang='lat' dir='ltr'>z</span> <span class='ocrx_word' id='word_1_57' title='bbox 502 1196 548 1231; x_wconf 85' lang='lat' dir='ltr'><strong>nos</strong></span> <span class='ocrx_word' id='word_1_58' title='bbox 559 1182 623 1232; x_wconf 81' lang='lat' dir='ltr'><strong>soli:</strong></span> <span class='ocrx_word' id='word_1_59' title='bbox 641 1183 739 1245; x_wconf 84' lang='lat' dir='ltr'><strong>incipit:</strong></span> 
     </span>
    </p>

    <p class='ocr_par' dir='ltr' id='par_1_9' title="bbox 176 1251 842 1332">
     <span class='ocr_line' id='line_1_10' title="bbox 176 1251 842 1332; baseline 0.005 -16"><span class='ocrx_word' id='word_1_60' title='bbox 176 1268 216 1316; x_wconf 89' lang='lat' dir='ltr'><strong>Mi</strong></span> <span class='ocrx_word' id='word_1_61' title='bbox 226 1269 365 1331; x_wconf 87' lang='lat' dir='ltr'><strong>Pamphile,</strong></span> <span class='ocrx_word' id='word_1_62' title='bbox 375 1270 449 1330; x_wconf 76' lang='lat' dir='ltr'><strong>hujus</strong></span> <span class='ocrx_word' id='word_1_63' title='bbox 460 1251 566 1318; x_wconf 86' lang='lat' dir='ltr'><strong>formam</strong></span> <span class='ocrx_word' id='word_1_64' title='bbox 578 1277 652 1332; x_wconf 79' lang='lat' dir='ltr'><strong>atque</strong></span> <span class='ocrx_word' id='word_1_65' title='bbox 659 1278 755 1319; x_wconf 74' lang='lat' dir='ltr'><strong>etatem</strong></span> <span class='ocrx_word' id='word_1_66' title='bbox 766 1271 842 1320; x_wconf 77' lang='lat' dir='ltr'><strong>vides.</strong></span> 
     </span>
    </p>

    <p class='ocr_par' dir='ltr' id='par_1_10' title="bbox 176 1341 850 1420">
     <span class='ocr_line' id='line_1_11' title="bbox 176 1341 850 1420; baseline 0.006 -16"><span class='ocrx_word' id='word_1_67' title='bbox 176 1359 230 1405; x_wconf 91' lang='lat' dir='ltr'><strong>Nec</strong></span> <span class='ocrx_word' id='word_1_68' title='bbox 241 1357 306 1405; x_wconf 79' lang='lat' dir='ltr'><strong>clem</strong></span> <span class='ocrx_word' id='word_1_69' title='bbox 317 1364 342 1405; x_wconf 87' lang='lat' dir='ltr'><strong>te</strong></span> <span class='ocrx_word' id='word_1_70' title='bbox 352 1365 400 1418; x_wconf 85' lang='lat' dir='ltr'><strong>eet,</strong></span> <span class='ocrx_word' id='word_1_71' title='bbox 409 1341 482 1420; x_wconf 72' lang='lat' dir='ltr'><strong>quem</strong></span> <span class='ocrx_word' id='word_1_72' title='bbox 493 1357 531 1407; x_wconf 91' lang='lat' dir='ltr'><strong>illi</strong></span> <span class='ocrx_word' id='word_1_73' title='bbox 543 1371 609 1406; x_wconf 86' lang='lat' dir='ltr'><strong>nunc</strong></span> <span class='ocrx_word' id='word_1_74' title='bbox 621 1365 729 1420; x_wconf 84' lang='lat' dir='ltr'><strong>utraeque</strong></span> <span class='ocrx_word' id='word_1_75' title='bbox 740 1358 850 1419; x_wconf 76' lang='lat' dir='ltr'><strong>inutiles,</strong></span> 
     </span>
    </p>

    <p class='ocr_par' dir='ltr' id='par_1_11' title="bbox 175 1444 775 1508">
     <span class='ocr_line' id='line_1_12' title="bbox 175 1444 775 1508; baseline -0.003 -14"><span class='ocrx_word' id='word_1_76' title='bbox 175 1446 209 1494; x_wconf 86' lang='lat' dir='ltr'><strong>Et</strong></span> <span class='ocrx_word' id='word_1_77' title='bbox 220 1444 252 1494; x_wconf 80' lang='lat' dir='ltr'><strong>ed</strong></span> <span class='ocrx_word' id='word_1_78' title='bbox 262 1444 413 1508; x_wconf 78' lang='lat' dir='ltr'><strong>pudicitiam,</strong></span> <span class='ocrx_word' id='word_1_79' title='bbox 424 1445 491 1494; x_wconf 83' lang='lat' dir='ltr'><strong>etad</strong></span> <span class='ocrx_word' id='word_1_80' title='bbox 502 1461 555 1494; x_wconf 87' lang='lat' dir='ltr'><strong>rem</strong></span> <span class='ocrx_word' id='word_1_81' title='bbox 566 1445 694 1494; x_wconf 71' lang='lat' dir='ltr'><strong>turmodum</strong></span> <span class='ocrx_word' id='word_1_82' title='bbox 703 1445 775 1494; x_wconf 82' lang='lat' dir='ltr'><strong>sieut.</strong></span> 
     </span>
    </p>

    <p class='ocr_par' dir='ltr' id='par_1_12' title="bbox 178 1530 924 1596">
     <span class='ocr_line' id='line_1_13' title="bbox 178 1530 924 1596; baseline -0.003 -16"><span class='ocrx_word' id='word_1_83' title='bbox 178 1533 252 1587; x_wconf 81' lang='lat' dir='ltr'><strong>Quod</strong></span> <span class='ocrx_word' id='word_1_84' title='bbox 262 1547 306 1593; x_wconf 77' lang='lat' dir='ltr'><strong>ego</strong></span> <span class='ocrx_word' id='word_1_85' title='bbox 318 1541 343 1583; x_wconf 90' lang='lat' dir='ltr'><strong>te</strong></span> <span class='ocrx_word' id='word_1_86' title='bbox 353 1548 396 1596; x_wconf 88' lang='lat' dir='ltr'><strong>per</strong></span> <span class='ocrx_word' id='word_1_87' title='bbox 406 1533 470 1582; x_wconf 82' lang='lat' dir='ltr'><strong>hunc</strong></span> <span class='ocrx_word' id='word_1_88' title='bbox 482 1534 594 1582; x_wconf 80' lang='lat' dir='ltr'>dextram</span> <span class='ocrx_word' id='word_1_89' title='bbox 605 1547 661 1592; x_wconf 89' lang='lat' dir='ltr'><strong>oro,</strong></span> <span class='ocrx_word' id='word_1_90' title='bbox 672 1541 698 1583; x_wconf 85' lang='lat' dir='ltr'><strong>et</strong></span> <span class='ocrx_word' id='word_1_91' title='bbox 707 1530 833 1593; x_wconf 76' lang='lat' dir='ltr'><strong>ingenium</strong></span> <span class='ocrx_word' id='word_1_92' title='bbox 843 1537 924 1590; x_wconf 90' lang='lat' dir='ltr'><strong>tuum,</strong></span> 
     </span>
    </p>

    <p class='ocr_par' dir='ltr' id='par_1_13' title="bbox 179 1620 756 1698">
     <span class='ocr_line' id='line_1_14' title="bbox 179 1620 756 1698; baseline -0.003 -28"><span class='ocrx_word' id='word_1_93' title='bbox 179 1623 227 1671; x_wconf 87' lang='lat' dir='ltr'><strong>Per</strong></span> <span class='ocrx_word' id='word_1_94' title='bbox 237 1629 306 1670; x_wconf 83' lang='lat' dir='ltr'><strong>tuam</strong></span> <span class='ocrx_word' id='word_1_95' title='bbox 318 1621 402 1683; x_wconf 85' lang='lat' dir='ltr'><strong>fidem,</strong></span> <span class='ocrx_word' id='word_1_96' title='bbox 413 1635 504 1684; x_wconf 85' lang='lat' dir='ltr'><strong>perque</strong></span> <span class='ocrx_word' id='word_1_97' title='bbox 514 1621 587 1681; x_wconf 82' lang='lat' dir='ltr'><strong>hujus</strong></span> <span class='ocrx_word' id='word_1_98' title='bbox 598 1620 756 1698; x_wconf 81' lang='lat' dir='ltr'><strong>solitudiuem</strong></span> 
     </span>
    </p>

    <p class='ocr_par' dir='ltr' id='par_1_14' title="bbox 179 1694 861 1770">
     <span class='ocr_line' id='line_1_15' title="bbox 179 1694 861 1770; baseline -0.004 -12"><span class='ocrx_word' id='word_1_99' title='bbox 179 1711 216 1758; x_wconf 77' lang='lat' dir='ltr'><strong>&#39;i&#39;e</strong></span> <span class='ocrx_word' id='word_1_100' title='bbox 226 1711 345 1770; x_wconf 84' lang='lat' dir='ltr'><strong>obtestor,</strong></span> <span class='ocrx_word' id='word_1_101' title='bbox 358 1724 389 1759; x_wconf 89' lang='lat' dir='ltr'><strong>ne</strong></span> <span class='ocrx_word' id='word_1_102' title='bbox 399 1711 442 1758; x_wconf 82' lang='lat' dir='ltr'><strong>abs</strong></span> <span class='ocrx_word' id='word_1_103' title='bbox 453 1717 478 1759; x_wconf 90' lang='lat' dir='ltr'><strong>te</strong></span> <span class='ocrx_word' id='word_1_104' title='bbox 485 1695 549 1758; x_wconf 78' lang='lat' dir='ltr'><strong>hauc</strong></span> <span class='ocrx_word' id='word_1_105' title='bbox 560 1723 683 1770; x_wconf 76' lang='lat' dir='ltr'>segreges,</span> <span class='ocrx_word' id='word_1_106' title='bbox 691 1694 741 1758; x_wconf 85' lang='lat' dir='ltr'><strong>neu</strong></span> <span class='ocrx_word' id='word_1_107' title='bbox 751 1707 861 1758; x_wconf 74' lang='lat' dir='ltr'><strong>deseras·</strong></span> 
     </span>
    </p>

    <p class='ocr_par' dir='ltr' id='par_1_15' title="bbox 181 1797 657 1870">
     <span class='ocr_line' id='line_1_16' title="bbox 181 1797 657 1870; baseline -0.004 -22"><span class='ocrx_word' id='word_1_108' title='bbox 181 1799 208 1848; x_wconf 90' lang='lat' dir='ltr'><strong>Si</strong></span> <span class='ocrx_word' id='word_1_109' title='bbox 219 1807 243 1848; x_wconf 92' lang='lat' dir='ltr'><strong>te</strong></span> <span class='ocrx_word' id='word_1_110' title='bbox 254 1799 279 1847; x_wconf 88' lang='lat' dir='ltr'><strong>in</strong></span> <span class='ocrx_word' id='word_1_111' title='bbox 291 1812 400 1870; x_wconf 74' lang='lat' dir='ltr'><strong>germem</strong></span> <span class='ocrx_word' id='word_1_112' title='bbox 392 1798 492 1847; x_wconf 79' lang='lat' dir='ltr'><strong>&#39;fratris</strong></span> <span class='ocrx_word' id='word_1_113' title='bbox 503 1797 579 1847; x_wconf 80' lang='lat' dir='ltr'><strong>dilexi</strong></span> <span class='ocrx_word' id='word_1_114' title='bbox 590 1799 657 1858; x_wconf 89' lang='lat' dir='ltr'><strong>loco,</strong></span> 
     </span>
    </p>

    <p class='ocr_par' dir='ltr' id='par_1_16' title="bbox 180 1858 731 1952">
     <span class='ocr_line' id='line_1_17' title="bbox 180 1858 731 1952; baseline -0.007 -13"><span class='ocrx_word' id='word_1_115' title='bbox 180 1887 235 1939; x_wconf 88' lang='lat' dir='ltr'><strong>Sive</strong></span> <span class='ocrx_word' id='word_1_116' title='bbox 246 1894 270 1936; x_wconf 89' lang='lat' dir='ltr'><strong>te</strong></span> <span class='ocrx_word' id='word_1_117' title='bbox 280 1888 334 1937; x_wconf 83' lang='lat' dir='ltr'><strong>haec</strong></span> <span class='ocrx_word' id='word_1_118' title='bbox 344 1889 425 1937; x_wconf 77' lang='lat' dir='ltr'><strong>solum</strong></span> <span class='ocrx_word' id='word_1_119' title='bbox 439 1902 536 1951; x_wconf 82' lang='lat' dir='ltr'><strong>semper·</strong></span> <span class='ocrx_word' id='word_1_120' title='bbox 547 1884 606 1936; x_wconf 82' lang='lat' dir='ltr'><strong>feeit</strong></span> <span class='ocrx_word' id='word_1_121' title='bbox 616 1858 731 1952; x_wconf 75' lang='lat' dir='ltr'><strong>maximi,</strong></span> 
     </span>
    </p>

    <p class='ocr_par' dir='ltr' id='par_1_17' title="bbox 180 1974 733 2037">
     <span class='ocr_line' id='line_1_18' title="bbox 180 1974 733 2037; baseline -0.006 -10"><span class='ocrx_word' id='word_1_122' title='bbox 180 1978 230 2027; x_wconf 89' lang='lat' dir='ltr'><strong>Seu</strong></span> <span class='ocrx_word' id='word_1_123' title='bbox 240 1976 286 2025; x_wconf 80' lang='lat' dir='ltr'><strong>tibi</strong></span> <span class='ocrx_word' id='word_1_124' title='bbox 296 1976 419 2037; x_wconf 79' lang='lat' dir='ltr'><strong>morigera</strong></span> <span class='ocrx_word' id='word_1_125' title='bbox 429 1976 493 2025; x_wconf 81' lang='lat' dir='ltr'><strong>fuit</strong></span> <span class='ocrx_word' id='word_1_126' title='bbox 486 1992 512 2025; x_wconf 90' lang='grc' dir='ltr'><strong>ιιι</strong></span> <span class='ocrx_word' id='word_1_127' title='bbox 525 1978 598 2025; x_wconf 83' lang='lat' dir='ltr'><strong>rebus</strong></span> <span class='ocrx_word' id='word_1_128' title='bbox 610 1974 733 2025; x_wconf 80' lang='lat' dir='ltr'><strong>omuibus.</strong></span> 
     </span>
    </p>

    <p class='ocr_par' dir='ltr' id='par_1_18' title="bbox 180 2063 785 2141">
     <span class='ocr_line' id='line_1_19' title="bbox 180 2063 785 2141; baseline -0.005 -26.969"><span class='ocrx_word' id='word_1_129' title='bbox 180 2069 216 2115; x_wconf 81' lang='lat' dir='ltr'><strong>&#39;re</strong></span> <span class='ocrx_word' id='word_1_130' title='bbox 226 2063 267 2113; x_wconf 74' lang='lat' dir='ltr'><strong>isti</strong></span> <span class='ocrx_word' id='word_1_131' title='bbox 280 2064 358 2113; x_wconf 73' lang='lat' dir='ltr'><strong>virum</strong></span> <span class='ocrx_word' id='word_1_132' title='bbox 370 2065 412 2124; x_wconf 91' lang='lat' dir='ltr'><strong>do,</strong></span> <span class='ocrx_word' id='word_1_133' title='bbox 424 2064 541 2141; x_wconf 82' lang='lat' dir='ltr'><strong>amicum,</strong></span> <span class='ocrx_word' id='word_1_134' title='bbox 552 2071 658 2113; x_wconf 88' lang='lat' dir='ltr'><strong>tutorem</strong></span> <span class='ocrx_word' id='word_1_135' title='bbox 662 2073 785 2136; x_wconf 76' lang='lat' dir='ltr'><strong>,petrem</strong></span> 
     </span>
    </p>

    <p class='ocr_par' dir='ltr' id='par_1_19' title="bbox 179 2135 870 2219">
     <span class='ocr_line' id='line_1_20' title="bbox 179 2135 870 2219; baseline -0.004 -16"><span class='ocrx_word' id='word_1_136' title='bbox 179 2156 251 2203; x_wconf 79' lang='lat' dir='ltr'><strong>Boua</strong></span> <span class='ocrx_word' id='word_1_137' title='bbox 262 2162 346 2204; x_wconf 78' lang='lat' dir='ltr'><strong>nostra</strong></span> <span class='ocrx_word' id='word_1_138' title='bbox 353 2154 406 2203; x_wconf 85' lang='lat' dir='ltr'><strong>iraec</strong></span> <span class='ocrx_word' id='word_1_139' title='bbox 419 2154 464 2219; x_wconf 89' lang='lat' dir='ltr'><strong>tibi</strong></span> <span class='ocrx_word' id='word_1_140' title='bbox 474 2135 600 2217; x_wconf 81' lang='lat' dir='ltr'><strong>permitto,</strong></span> <span class='ocrx_word' id='word_1_141' title='bbox 610 2161 636 2202; x_wconf 91' lang='lat' dir='ltr'><strong>et</strong></span> <span class='ocrx_word' id='word_1_142' title='bbox 646 2161 695 2203; x_wconf 83' lang='lat' dir='ltr'><strong>tuae</strong></span> <span class='ocrx_word' id='word_1_143' title='bbox 704 2152 796 2203; x_wconf 87' lang='lat' dir='ltr'><strong>mando</strong></span> <span class='ocrx_word' id='word_1_144' title='bbox 806 2152 870 2201; x_wconf 87' lang='lat' dir='ltr'><strong>fidei.</strong></span> 
     </span>
    </p>

    <p class='ocr_par' dir='ltr' id='par_1_20' title="bbox 182 2227 967 2305">
     <span class='ocr_line' id='line_1_21' title="bbox 182 2227 967 2305; baseline -0.009 -11"><span class='ocrx_word' id='word_1_145' title='bbox 182 2246 251 2293; x_wconf 79' lang='lat' dir='ltr'><strong>Hunc</strong></span> <span class='ocrx_word' id='word_1_146' title='bbox 263 2244 342 2293; x_wconf 80' lang='lat' dir='ltr'><strong>mihi·</strong></span> <span class='ocrx_word' id='word_1_147' title='bbox 335 2260 362 2291; x_wconf 88' lang='grc' dir='ltr'><strong>ιιι</strong></span> <span class='ocrx_word' id='word_1_148' title='bbox 373 2257 474 2292; x_wconf 84' lang='lat' dir='ltr'><strong>manum</strong></span> <span class='ocrx_word' id='word_1_149' title='bbox 485 2237 540 2291; x_wconf 79' lang='lat' dir='ltr'><strong>dat:</strong></span> <span class='ocrx_word' id='word_1_150' title='bbox 559 2255 628 2292; x_wconf 75' lang='lat' dir='ltr'><strong>more</strong></span> <span class='ocrx_word' id='word_1_151' title='bbox 639 2227 776 2291; x_wconf 83' lang='lat' dir='ltr'><strong>continuo</strong></span> <span class='ocrx_word' id='word_1_152' title='bbox 769 2256 847 2305; x_wconf 81' lang='lat' dir='ltr'><strong>ipsam</strong></span> <span class='ocrx_word' id='word_1_153' title='bbox 858 2246 967 2302; x_wconf 82' lang='lat' dir='ltr'><strong>occupat.</strong></span> 
     </span>
    </p>

    <p class='ocr_par' dir='ltr' id='par_1_21' title="bbox 181 2310 892 2395">
     <span class='ocr_line' id='line_1_22' title="bbox 181 2310 892 2395; baseline -0.01 -13"><span class='ocrx_word' id='word_1_154' title='bbox 181 2310 287 2395; x_wconf 83' lang='lat' dir='ltr'><strong>Accepi:</strong></span> <span class='ocrx_word' id='word_1_155' title='bbox 305 2339 429 2393; x_wconf 80' lang='lat' dir='ltr'><strong>acceptam</strong></span> <span class='ocrx_word' id='word_1_156' title='bbox 441 2322 550 2380; x_wconf 79' lang='lat' dir='ltr'><strong>servabo</strong></span> <span class='ocrx_word' id='word_1_157' title='bbox 583 2331 638 2391; x_wconf 70' lang='lat' dir='ltr'><strong>My</strong></span> <span class='ocrx_word' id='word_1_158' title='bbox 656 2331 693 2379; x_wconf 80' lang='lat' dir='ltr'><strong>lto</strong></span> <span class='ocrx_word' id='word_1_159' title='bbox 704 2343 775 2393; x_wconf 82' lang='lat' dir='ltr'><strong>spero</strong></span> <span class='ocrx_word' id='word_1_160' title='bbox 786 2327 892 2391; x_wconf 87' lang='lat' dir='ltr'><strong>quidem.</strong></span> 
     </span>
    </p>

    <p class='ocr_par' dir='ltr' id='par_1_22' title="bbox 181 2416 986 2569">
     <span class='ocr_line' id='line_1_23' title="bbox 181 2416 986 2479; baseline -0.011 -10"><span class='ocrx_word' id='word_1_161' title='bbox 181 2424 251 2471; x_wconf 83' lang='lat' dir='ltr'><strong>Pam.</strong></span> <span class='ocrx_word' id='word_1_162' title='bbox 268 2420 318 2471; x_wconf 90' lang='lat' dir='ltr'><strong>Sed</strong></span> <span class='ocrx_word' id='word_1_163' title='bbox 328 2434 371 2469; x_wconf 89' lang='lat' dir='ltr'><strong>cur</strong></span> <span class='ocrx_word' id='word_1_164' title='bbox 383 2426 411 2467; x_wconf 90' lang='lat' dir='ltr'><strong>tu</strong></span> <span class='ocrx_word' id='word_1_165' title='bbox 422 2418 473 2467; x_wconf 82' lang='lat' dir='ltr'><strong>abis</strong></span> <span class='ocrx_word' id='word_1_166' title='bbox 484 2420 515 2468; x_wconf 79' lang='lat' dir='ltr'><strong>ab</strong></span> <span class='ocrx_word' id='word_1_167' title='bbox 525 2418 588 2467; x_wconf 82' lang='lat' dir='ltr'><strong>ille?</strong></span> <span class='ocrx_word' id='word_1_168' title='bbox 634 2420 689 2479; x_wconf 72' lang='lat' dir='ltr'><strong>My.</strong></span> <span class='ocrx_word' id='word_1_169' title='bbox 707 2416 871 2466; x_wconf 71' lang='lat' dir='ltr'><strong>Obstetricem</strong></span> <span class='ocrx_word' id='word_1_170' title='bbox 882 2424 986 2469; x_wconf 73' lang='lat' dir='ltr'><strong>arcesso.</strong></span> 
     </span>
     <span class='ocr_line' id='line_1_24' title="bbox 243 2510 517 2569; baseline 0 -12"><span class='ocrx_word' id='word_1_171' title='bbox 243 2512 316 2559; x_wconf 82' lang='lat' dir='ltr'><strong>Pam.</strong></span> <span class='ocrx_word' id='word_1_172' title='bbox 334 2510 448 2569; x_wconf 82' lang='lat' dir='ltr'><strong>Propera.</strong></span> <span class='ocrx_word' id='word_1_173' title='bbox 516 2550 517 2557; x_wconf 73' lang='grc'>,</span> 
     </span>
    </p>

    <p class='ocr_par' dir='ltr' id='par_1_23' title="bbox 186 2584 805 2660">
     <span class='ocr_line' id='line_1_25' title="bbox 186 2584 805 2660; baseline -0.015 -14"><span class='ocrx_word' id='word_1_174' title='bbox 186 2601 265 2660; x_wconf 80' lang='lat' dir='ltr'><strong>Atque</strong></span> <span class='ocrx_word' id='word_1_175' title='bbox 276 2594 379 2645; x_wconf 83' lang='lat' dir='ltr'><strong>eudin&#39;?</strong></span> <span class='ocrx_word' id='word_1_176' title='bbox 395 2584 498 2643; x_wconf 69' lang='lat' dir='ltr'><strong>¹verbum</strong></span> <span class='ocrx_word' id='word_1_177' title='bbox 507 2607 584 2642; x_wconf 88' lang='lat' dir='ltr'><strong>unum</strong></span> <span class='ocrx_word' id='word_1_178' title='bbox 595 2606 652 2641; x_wconf 87' lang='lat' dir='ltr'><strong>cave</strong></span> <span class='ocrx_word' id='word_1_179' title='bbox 661 2591 691 2639; x_wconf 90' lang='lat' dir='ltr'><strong>de</strong></span> <span class='ocrx_word' id='word_1_180' title='bbox 703 2588 805 2652; x_wconf 85' lang='lat' dir='ltr'><strong>nuptiis,</strong></span> 
     </span>
    </p>

    <p class='ocr_par' dir='ltr' id='par_1_24' title="bbox 174 2663 739 2761">
     <span class='ocr_line' id='line_1_26' title="bbox 174 2663 739 2761; baseline -0.021 -24"><span class='ocrx_word' id='word_1_181' title='bbox 174 2688 224 2753; x_wconf 81' lang='lat' dir='ltr'><strong>¹Ne</strong></span> <span class='ocrx_word' id='word_1_182' title='bbox 235 2685 266 2734; x_wconf 81' lang='lat' dir='ltr'><strong>ad</strong></span> <span class='ocrx_word' id='word_1_183' title='bbox 277 2684 391 2743; x_wconf 86' lang='lat' dir='ltr'><strong>morbum</strong></span> <span class='ocrx_word' id='word_1_184' title='bbox 402 2684 450 2732; x_wconf 85' lang='lat' dir='ltr'><strong>hoc</strong></span> <span class='ocrx_word' id='word_1_185' title='bbox 461 2681 543 2734; x_wconf 84' lang='lat' dir='ltr'><strong>etiam.</strong></span> <span class='ocrx_word' id='word_1_186' title='bbox 551 2716 564 2761; x_wconf 79' lang='lat'><strong>&#39;.</strong></span> <span class='ocrx_word' id='word_1_187' title='bbox 576 2663 635 2745; x_wconf 55' lang='lat' dir='ltr'><strong>My.⁴</strong></span> <span class='ocrx_word' id='word_1_188' title='bbox 646 2682 739 2737; x_wconf 70' lang='lat' dir='ltr'><strong>Tenem</strong></span> 
     </span>
    </p>
   </div>
   <div class='ocr_carea' id='block_1_3' title="bbox 0 0 1244 3800">
    <p class='ocr_par' dir='ltr' id='par_1_25' title="bbox 0 0 1244 3800">
     <span class='ocr_line' id='line_1_27' title="bbox 0 0 1244 3800; baseline 0 0"><span class='ocrx_word' id='word_1_189' title='bbox 0 0 1244 3800; x_wconf 95' lang='lat' dir='ltr'><strong> </strong></span> 
     </span>
    </p>
   </div>
  </div>
 </body>
</html>
