2459 3800
251 490 299 539 348
447 489 475 535 P.
491 485 652 534 TERENTII
681 481 848 534 PHORMIO.

454 750 564 799 durus
582 750 612 797 V.
646 747 757 797 SCENA
772 746 841 794 VIII.

301 866 491 913 Nuususuum.
525 863 664 912 Cuuuuus.
698 864 834 909 Pfloiuuio.
867 860 1005 907 Duuuuuo.

254 965 320 1017 Quis
338 960 451 1010 nominat
471 962 529 1008 me?
573 961 616 1008 Ch.
642 961 723 1008 Hem!
758 960 809 1007 Nu.
832 957 899 1013 Quid
918 957 981 1007 istuc
999 965 1056 1006 tur·

317 1051 396 1108 bae’st,
409 1050 523 1108 obsecro,

252 1136 289 1185 Mi
300 1136 357 1184 vir?
393 1138 439 1184 Plo.
458 1134 838 1197 Hem,quidnuucobticuisti?
871 1136 923 1182 Nu.
940 1131 1002 1189 Quis
1014 1132 1056 1182 hie

316 1227 446 1274 humo'st?

252 1316 309 1363 Non
321 1314 382 1362 mihi
394 1314 546 1376 respondes?
582 1315 629 1361 Ph.
647 1313 749 1362 Hiccine
761 1320 789 1361 ut
799 1311 846 1361 tibi
857 1310 1022 1374 respondeat?

253 1403 302 1457 Qui
320 1404 414 1464 hercle,
433 1403 475 1451 ubi
497 1403 539 1460 sit,
564 1401 650 1452 nescit.
696 1403 739 1450 Ch.
769 1402 833 1451 Cave
856 1400 899 1450 isti
921 1399 1053 1463 quicquam

316 1491 408 1540 credas.

252 1584 298 1629 Plu.
314 1581 374 1641 Abi,
386 1587 475 1640 tange:
494 1579 515 1627 si
529 1594 580 1628 non
589 1585 657 1628 totus
669 1579 753 1641 friget,
764 1594 804 1628 me
815 1579 892 1628 enica.
953 1561 955 1567 ¹

255 1669 298 1716 Gla.
315 1668 385 1716 Nihil
404 1675 448 1716 est.
482 1669 533 1716 Na.
550 1667 616 1722 Quid
636 1682 695 1729 ergo
714 1669 770 1717 est?
790 1667 849 1730 quid
870 1667 925 1715 istic
946 1668 1054 1714 narrat?

317 1759 363 1806 Ph.
380 1759 438 1806 dam
449 1757 509 1806 scies
520 1777 526 1806 :

253 1846 378 1894 Ausculta.
413 1847 457 1895 Ch.
478 1845 700 1909 Pergin’credere?
729 1847 785 1900 Na.
802 1843 868 1901 Quid
876 1858 932 1906 ego,
943 1844 1056 1906 obsecro,

254 1934 318 1984 Huic
329 1935 436 1996 credam,
450 1936 492 1997 qui
503 1936 567 1985 nihil
578 1935 641 1984 dixit
653 1938 663 1983 ἓ
698 1938 745 1984 Ph.
762 1934 859 1984 Delirat
870 1935 945 2003 miser

255 2022 365 2072 Timore.
397 2026 448 2073 Na.
467 2026 524 2072 Non
536 2026 577 2089 pol
589 2026 724 2089 tumerent,
736 2024 803 2087 quud
814 2030 841 2073 tu
851 2032 902 2073 tam
910 2023 991 2073 times.

257 2116 299 2163 Ch.
317 2115 395 2175 Egon’
407 2115 501 2163 timeo?
537 2119 583 2164 Ph.
601 2119 676 2164 Recte
688 2129 746 2164 saue
761 2136 767 2166 ι
784 2115 882 2177 quando
893 2113 955 2164 nihil
972 2113 1057 2175 timeo,

255 2201 351 2250 Euhoe
367 2202 431 2251 nihil
442 2212 488 2264 est,
501 2205 567 2266 quod
584 2218 629 2267 ego
641 2205 707 2265 dico,
724 2212 753 2253 tu
771 2219 853 2254 narra.
885 2208 934 2255 De.
951 2205 1055 2255 Scelus!

255 2289 312 2339 Tibi
320 2293 420 2339 narret?
458 2294 504 2341 Pu.
517 2293 571 2341 Eho
584 2296 628 2342 tu!
649 2295 772 2343 fuctum'st
783 2296 826 2343 abs
837 2302 862 2343 te
873 2294 959 2345 sedulo

256 2380 304 2427 Pro
316 2380 401 2429 fratre.
433 2382 484 2429 Na.
501 2381 539 2430 Mi
550 2382 597 2443 vir,
610 2396 661 2431 uun
673 2382 735 2431 mihi
746 2397 830 2431 narras
844 2386 854 2431 ἓ
892 2385 935 2431 θΙι.
946 2384 989 2432 At.
1005 2385 1058 2433 Na.

320 2471 387 2526 Quid
395 2474 441 2520 at?

259 2558 301 2606 Gi.
319 2560 377 2607 Non
384 2574 445 2621 opus
457 2568 495 2609 est
510 2559 583 2609 dIctu.
616 2560 663 2609 Pi.
679 2561 737 2609 'libi
748 2561 863 2623 quidem:
884 2570 911 2610 at
926 2562 988 2611 scito
999 2562 1058 2611 huic

319 2648 410 2708 opu'st.

255 2736 283 2782 In
296 2736 398 2783 Lemno.
435 2737 477 2784 Gi.
495 2738 574 2786 Hem!
602 2738 729 2800 quiduis?
765 2742 812 2787 De.
830 2741 888 2788 Nou
905 2743 991 2789 taces?
1010 2744 1059 2790 Pk.

322 2812 437 2874 cianite.
473 2827 517 2874 ui.
535 2827 582 2876 uei
592 2827 672 2875 mihi!
847 2810 851 2819 '

256 2918 302 2963 Plu.
320 2917 431 2964 Uxorem
450 2914 528 2962 duxit.
561 2918 611 2963 Nu.
628 2915 666 2963 Mi
677 2915 764 2976 humo,
776 2916 808 2964 Di
819 2916 907 2964 melius
918 2916 1006 2965 duint!

256 3006 303 3051 Pi.
320 3003 361 3051 Sic
373 3004 505 3052 factum'st.
530 3006 580 3052 Na.
599 3004 664 3051 Perii
676 3003 780 3053 misera!
808 3006 855 3052 Ph.
872 3004 970 3053 Etinde
982 3004 1060 3054 filiam

257 3091 369 3154 Suscepit
376 3093 428 3152 Jam
440 3105 525 3152 uuam,
538 3092 596 3140 dum
606 3099 632 3139 tu
641 3090 743 3139 dormis.
778 3092 822 3139 011.
839 3091 904 3145 Quid
916 3091 1030 3153 agimus?

257 3182 308 3229 Na.
327 3182 375 3228 Pro
383 3179 414 3228 Di
426 3178 591 3229 immortales!
610 3180 704 3228 facinus
715 3179 842 3240 indignum
855 3188 881 3228 et
891 3181 983 3229 mulum
995 3184 1001 3229 !
