2459 3800
390 463 759 519 Ac'rUs111.scENA111.
864 473 868 481 '
930 473 979 521 265

173 607 238 665 Quia
249 616 301 658 tam
312 607 466 658 incommode
479 608 529 659 illis
538 611 591 658 fors
602 611 728 660 obtulerat
738 608 869 658 adrentum
887 623 980 658 meum.

173 702 231 750 Une
241 699 340 750 illerum
351 700 444 750 interea
454 714 557 764 propere
568 700 737 764 procucurrit,
750 699 870 749 nuncians

173 791 217 840 Me
227 789 338 838 venisse:
356 803 401 852 ego
412 792 465 851 ejus
477 789 576 840 videndi
588 790 702 854 cupidus,
714 798 782 840 reete
792 803 938 852 consequor.

170 883 305 944 Postquam
316 881 411 942 introii,
423 884 547 946 externplo
562 885 614 942 eJus
627 884 742 932 morbum
754 883 857 945 cognovi
866 883 958 933 miser:

172 973 237 1020 Nem
247 985 335 1032 neque,
347 978 376 1020 ιιι
386 970 461 1020 celari
472 979 564 1034 posset,
573 979 669 1035 tempus
680 973 787 1036 spatium
798 973 878 1023 ullum
890 971 977 1022 debut:

171 1062 258 1122 Neque
270 1073 329 1130 voce
342 1060 401 1120 elis,
413 1073 441 1108 ac
453 1075 492 1109 res
504 1062 630 1121 monebat,
642 1062 696 1124 ipsu
703 1068 799 1124 poterat
808 1061 935 1124 conqueri.

172 1151 305 1212 Postquam
317 1149 412 1212 aspexi,
426 1149 554 1199 Ofacinus
565 1149 694 1211 indignum
706 1152 712 1199 ι
731 1149 846 1212 inquam:
864 1158 891 1200 et
899 1150 977 1200 corri-

237 1239 279 1303 pui
289 1239 357 1288 illioo

169 1331 213 1378 Me
223 1328 280 1378 inde
288 1329 440 1389 lacrumans,
452 1327 589 1378 incredibili
600 1344 628 1378 re
639 1336 712 1392 etque
723 1329 799 1379 atroci
811 1329 927 1393 percitus.

169 1419 252 1468 Meter
262 1418 435 1481 consequitur:
454 1419 507 1478 Jsm
528 1426 556 1468 ιιι
572 1418 648 1466 limen
667 1417 772 1479 exirem,
795 1419 916 1479 eugenue
933 1431 973 1467 sc-

234 1507 304 1569 cidit,

166 1599 318 1647 Leerumens
329 1596 432 1646 misere:
451 1595 588 1647 miseritum
599 1605 645 1647 eet.
660 1598 776 1647 Proiecto
786 1597 833 1646 hoc
842 1597 878 1646 sic
888 1603 937 1657 est,
945 1603 974 1645 ut

234 1693 292 1751 puto
308 1708 314 1737 z

168 1777 290 1828 Omnibus
302 1776 372 1826 nobis
385 1784 412 1826 ut
424 1776 534 1826 rendunt
547 1790 610 1838 sese,
631 1775 666 1824 ita
683 1775 765 1836 magni
782 1781 856 1837 utque
866 1773 972 1822 humiles

232 1881 324 1917 sumus.

166 1960 236 2008 Hunc
245 1958 336 2007 babere
348 1958 488 2009 orationem
498 1972 595 2008 mecum
608 1956 729 2021 principio
740 1955 842 2006 institit:

165 2046 233 2097 Omi
251 2046 388 2110 Pamphile,
407 2048 489 2097 abste
505 2045 731 2109 quemobrembec
753 2044 851 2105 abierit,
871 2057 970 2093 esumm

229 2135 314 2185 vides:

165 2226 230 2274 Nem
241 2223 329 2273 vitium
339 2232 377 2273 cst
388 2225 501 2274 oblatum
517 2224 605 2287 virgini
623 2224 684 2274 oIIm
702 2225 733 2273 ab
743 2223 835 2277 ,neseio
853 2237 903 2286 quo
922 2221 970 2270 im·

229 2316 324 2380 probo:

164 2407 236 2453 Nunc
246 2404 295 2454 huo
305 2402 461 2465 confugitste
471 2411 544 2466 etque
553 2403 615 2452 alios
627 2409 725 2465 partum
737 2410 765 2449 ut
776 2402 869 2451 celaret
879 2415 960 2450 sunm.

163 2494 214 2545 Sed
234 2508 292 2543 curn
312 2500 381 2543 orate
400 2496 454 2555 ejus
474 2494 630 2555 reminiscor,
650 2506 746 2555 nequeo
763 2492 822 2554 quin
833 2492 968 2541 lucrumem

229 2582 311 2633 miser.

162 2677 270 2737 Quoque
281 2675 333 2724 fors
343 2674 501 2734 forturraest,
518 2672 608 2736 inquit,
628 2671 700 2721 nobis
720 2686 774 2734 quse
795 2680 820 2721 te
838 2669 913 2720 hodie
923 2670 969 2718 ob'·

193 2750 196 2759 ’
227 2763 296 2823 tulit,

163 2854 209 2901 Per
220 2836 275 2901 euni
284 2861 309 2903 te
319 2840 471 2902 obirstumur
480 2852 568 2913 ambe,
580 2851 602 2901 si
609 2853 664 2913 jus,
675 2849 696 2901 si
708 2852 746 2900 fas
756 2858 803 2912 est,
816 2851 852 2899 uti

161 2930 272 2990 Advorse
280 2942 334 3002 ejus
343 2956 386 3005 per
395 2947 419 2991 te
428 2948 501 3002 tecta,
512 2940 633 3003 taciteque
644 2940 709 3004 apud
719 2954 805 2989 onmes
817 2939 888 2989 sient·

163 3028 190 3078 Si
202 3042 308 3091 unquam
318 3044 375 3091 erge
385 3037 411 3080 te
421 3030 506 3080 auimo
514 3044 567 3079 esse
576 3028 656 3080 emico
664 3028 834 3092 sensistieem,
846 3030 880 3079 mi
892 3032 968 3079 Pam·
1017 3084 1023 3093 ¹

227 3116 304 3183 phile,
356 3144 358 3148 ·
