2459 3800
425 474 539 526 Acrbs
556 478 601 527 111.
634 480 743 532 SCENA
762 485 795 535 ΙΙ.
985 494 1015 543 85

216 611 276 657 Por.
293 608 385 671 Adibo,
396 618 468 674 atque
479 613 639 679 assimulabo,
648 600 717 683 quasi
727 637 794 673 nunc
806 638 899 677 exeam.
950 662 951 667 ,

219 699 324 760 lturan’,
335 699 424 761 lhais,
435 703 550 766 quopiam
561 720 588 755 es
600 710 610 755 ἓ
649 711 712 760 The.
727 712 822 763 Ehem!
843 717 975 777 Parmeno,

217 788 285 836 Bene
301 787 393 838 fecisti:
417 790 491 840 hodie
508 793 591 844 itura?
636 801 696 848 Por.
721 802 801 854 Quo?
840 806 902 854 Tha.
925 804 1015 860 Quid?

282 877 409 929 huncnon
422 880 512 931 vides?

220 967 277 1014 Por.
294 966 383 1030 Video,
395 978 421 1020 et
430 986 471 1020 me
481 973 562 1023 radet.
583 974 633 1024 Ubi
644 975 688 1032 vis.
700 978 766 1028 dona
777 980 867 1031 adsunt
876 983 922 1033 tibi

217 1057 241 1104 A
257 1056 377 1108 Phaedria.
414 1062 472 1110 Thr.
490 1062 556 1117 Quid
566 1069 678 1115 stemus?
696 1082 740 1117 cur
752 1084 803 1119 non
814 1071 879 1123 imus
890 1072 948 1123 hinc
962 1076 972 1123 ἓ

218 1148 278 1195 Por.
295 1150 384 1203 Qnoeso
396 1149 480 1200 hercle
490 1160 519 1201 ut
529 1153 610 1211 liceat,
621 1170 680 1219 pace
691 1158 756 1223 quod
767 1160 810 1208 fiat
821 1169 873 1223 tua,

217 1234 282 1285 Dare
293 1236 351 1286 hnic
362 1252 416 1300 quae
426 1240 551 1301 volumus,
562 1244 694 1294 convenire
706 1253 731 1297 et
739 1249 857 1312 colloqui.

220 1326 278 1375 Thr.
296 1329 446 1389 Perpulchra
455 1331 529 1379 credo
540 1330 615 1394 dona,
627 1334 688 1385 hant
697 1337 789 1389 nostris
799 1339 897 1389 similia.

218 1417 277 1464 Per.
295 1416 343 1465 Res
354 1416 479 1467 indicabit
505 1422 573 1470 Heus
580 1423 666 1482 anetc
676 1424 736 1474 istos
748 1427 814 1477 foras

218 1503 303 1564 Exire,
315 1519 376 1567 quos
384 1506 457 1567 jussi,
468 1507 547 1559 ocius.
575 1511 684 1561 Procede
693 1521 722 1562 tu
733 1514 790 1563 huc.

216 1594 255 1642 Ex
266 1593 392 1657 AEthiopia
402 1603 526 1660 estusque
536 1598 599 1649 hae.
634 1602 694 1651 Thr.
712 1602 759 1651 Hic
768 1610 826 1653 sunt
834 1611 885 1655 tres
897 1604 979 1657 minae.

220 1684 266 1731 Gn.
282 1683 340 1732 Vix.
357 1686 418 1733 Par.
435 1685 485 1736 Ubi
495 1694 523 1735 tu
534 1700 572 1748 es,
584 1689 668 1738 Dore?
685 1691 773 1741 accede
790 1694 847 1743 huc.
860 1697 925 1745 Hem
934 1696 1022 1746 Eunu·

283 1772 358 1820 chum
368 1773 422 1822 tibi.

218 1862 299 1918 Quam
307 1860 404 1912 liberali
415 1862 489 1924 facie,
500 1877 574 1926 qnam
585 1872 656 1917 atate
665 1866 775 1930 integra!

221 1953 282 2001 Tha.
301 1953 338 2001 Ita
348 1967 388 2001 me
407 1951 440 2000 Di
454 1962 548 2016 ament,
558 1955 678 2007 honestus
689 1967 735 2008 est.
769 1963 830 2012 Par.
848 1964 915 2020 Quid
934 1973 961 2015 tu
972 1965 1020 2028 ais,

287 2042 404 2090 Gnatho?

219 2130 345 2192 Numquid
353 2132 439 2192 habes,
452 2132 685 2195 quodoontemnas?
704 2136 796 2198 quidtu
805 2142 1021 2202 antem,Thraso?

220 2221 328 2268 Tacent:
340 2219 399 2269 satis
410 2221 520 2272 laudant.
546 2225 594 2272 Fac
605 2222 740 2286 periculum
750 2225 777 2276 in
787 2226 874 2289 literis,

220 2310 268 2360 Fac
278 2309 304 2358 in
313 2311 437 2372 palaestra,
447 2310 597 2360 inemusieis:
616 2327 670 2375 quae
681 2313 785 2363 liberum

219 2399 288 2449 Scire
298 2414 398 2462 aequum
408 2408 446 2449 est
456 2401 646 2462 adolescentem,
658 2404 785 2453 sollertem
797 2403 868 2454 daho.

222 2491 282 2540 Thr.
297 2492 351 2552 Ego
361 2491 432 2540 illum
444 2493 602 2555 Eunuchum,
609 2495 631 2543 si
642 2509 703 2558 opus
715 2495 757 2556 sit,
768 2497 808 2546 vel
820 2495 924 2547 sobrius.

220 2583 279 2629 Par.
295 2582 377 2644 Atque
385 2581 438 2630 haec
448 2582 491 2644 qui
502 2581 579 2644 misit,
591 2598 641 2633 non
653 2584 700 2634 sibi
711 2583 758 2634 soli
769 2585 876 2647 postulat

222 2669 259 2717 Te
270 2668 360 2730 vivere,
371 2676 397 2718 et
406 2684 450 2718 sua
461 2684 534 2720 cansa
545 2672 643 2721 excludi
656 2679 766 2722 caeteros.

221 2759 307 2820 Neque
318 2772 410 2822 pugnas
420 2767 514 2820 namat,
529 2775 607 2822 neque
619 2760 744 2810 cicatrices
756 2774 812 2810 suas

222 2847 350 2909 Ostentat3
368 2857 446 2910 neque
457 2847 503 2896 tibi
513 2851 604 2909 obstat,
617 2849 682 2911 quod
693 2849 793 2912 quidam
804 2849 875 2900 facit:

220 2938 315 2986 Verum
325 2936 367 2984 nbi
377 2937 510 2985 molestum
521 2951 571 2986 non
583 2937 641 2998 erit,
653 2938 695 2986 nbi
704 2946 731 2986 tu
742 2939 819 3002 voles,

223 3025 275 3076 Ubi
288 3033 385 3090 tempus
394 3027 440 3075 tibi
450 3025 509 3088 erit,
518 3035 557 3076 sat
567 3028 653 3088 habet,
662 3027 683 3078 si
690 3037 742 3078 tum
754 3027 879 3090 recipitur.

229 3116 287 3164 Phr.
305 3116 413 3180 Apparet
424 3129 523 3166 serrum
533 3118 600 3166 hunc
611 3131 665 3168 esse
674 3117 767 3168 domini
779 3117 891 3182 pauperis
