2459 3800
398 483 510 534 tellis
528 485 570 534 1v.
614 483 726 534 SCENA
743 487 785 536 lV.
942 488 990 536 219

186 625 236 672 Mi.
253 622 280 674 Si
291 623 327 674 ita
335 639 431 688 equom
441 640 539 688 censes,
550 635 592 676 aut
602 625 624 676 ei
634 625 669 676 ita
679 641 741 690 opus
756 633 794 676 eet
805 627 881 689 fautu,
893 640 985 677 eamus.

254 716 302 762 He.
318 717 387 764 Bene
396 715 471 764 faciae

187 803 253 850 Nam
265 802 337 851 etilli
347 804 457 852 animum
465 807 518 865 jam
529 804 656 854 relevabis.
673 820 727 868 quae
738 805 824 857 dolore
835 821 864 856 ae
875 804 975 856 miseria

184 891 318 954 'liabeeciu
335 900 361 941 et
370 901 414 942 tuo
424 895 504 943 officio
515 895 592 944 fueris
603 896 703 944 functus
716 915 721 944 ι
741 895 784 944 sed
795 894 816 944 ai
826 895 898 944 aliter
908 903 990 958 putas,

185 980 291 1041 Egomet
300 984 405 1031 narrabo
416 997 470 1045 quae
483 983 544 1032 mihi
554 984 626 1034 dixti.
659 987 707 1034 Mi.
724 987 804 1034 lmmo
816 999 860 1046 ego
872 984 921 1035 ibo.
939 985 988 1033 He.

250 1071 319 1119 Bene
330 1071 400 1120 facia.

185 1157 291 1220 Omnes,
308 1159 397 1221 quibua
408 1174 446 1209 ree
457 1168 517 1210 sunt
526 1161 608 1210 minus
619 1162 741 1223 secunda,
753 1161 830 1223 magis
840 1169 899 1211 sunt
908 1158 991 1211 nescio

247 1260 297 1308 quo
308 1247 383 1295 modo

184 1331 317 1395 Suspicioai
330 1353 336 1382 ι
351 1333 383 1383 ad
392 1334 569 1384 contumeliam
581 1335 666 1385 omnia
675 1333 799 1398 accipiunt
810 1335 903 1398 magia:

182 1421 286 1484 Propter
295 1435 365 1470 suam
376 1421 545 1484 impotentiam
556 1438 583 1472 ae
594 1437 691 1486 semper·
701 1423 805 1472 credunt
815 1422 912 1485 negligi.

184 1511 339 1573 Quapropter
348 1511 465 1574 teipsum
477 1525 581 1574 purgare
591 1511 638 1574 ipsi
649 1523 733 1560 coram
743 1510 885 1574 placabilius
898 1517 942 1560 est.

184 1599 231 1646 Mr'.
247 1599 282 1646 lit
299 1606 374 1660 recte,
391 1606 417 1648 et
426 1614 512 1648 verum
523 1599 592 1649 dicit
626 1599 674 1648 He.
691 1601 798 1661 Sequere
814 1612 854 1648 me
870 1611 929 1660 ergo
939 1598 985 1646 hac
1022 1627 1025 1633 ·

249 1685 324 1735 intro.
357 1688 404 1735 Mi.
421 1689 548 1736 Maxume.

393 1924 506 1975 ACTUS
523 1925 565 1973 lv.
605 1924 716 1974 scENA
733 1924 776 1972 lV.

505 2039 664 2087 Macareus,
676 2068 679 2073 -

181 2136 351 2186 D1scaucroa
361 2136 437 2186 animi
449 2159 455 2187 ι
472 2137 574 2187 hoccine
584 2137 616 2186 de
626 2110 758 2200 improviso
769 2134 829 2186 mali
840 2132 901 2185 mihi
913 2135 986 2197 obiici

181 2225 290 2273 Tantum
299 2244 307 2286 3
325 2232 353 2274 ut
361 2238 440 2287 neque
451 2224 510 2287 quid
521 2240 562 2275 me
574 2226 674 2286 faciam,
684 2240 764 2288 neque
774 2224 833 2288 quid
843 2238 924 2288 Qum,
932 2238 986 2274 cer-

247 2323 301 2365 tum
312 2315 378 2364 siet?

178 2382 298 2453 'Membra
309 2411 377 2454 metu
388 2403 478 2453 debilia
489 2412 563 2454 suut:
581 2404 679 2454 animus
691 2404 781 2453 timore
791 2402 917 2466 obstipuit.

183 2493 285 2541 Pectore
295 2491 429 2541 consistere
440 2489 503 2539 nihil
515 2492 612 2541 concilii
622 2492 682 2554 quit.
693 2492 765 2540 Vah!

182 2579 313 2637 Quomodo
325 2594 366 2629 me
378 2595 409 2629 ex
420 2580 466 2628 hac
476 2580 605 2645 expediam
616 2582 689 2630 turba

181 2670 283 2717 Tanta?
302 2683 367 2717 nunc
380 2667 487 2731 euspicio
505 2668 536 2717 de
547 2682 587 2717 me
598 2667 686 2717 incidit
699 2687 706 2731 3
722 2680 801 2729 neque
812 2678 842 2713 ea
853 2662 987 2714 immerito.

182 2758 293 2806 &strata
303 2755 391 2815 credit,
411 2755 474 2803 milri
485 2770 524 2805 me
535 2756 661 2819 psaltriam
675 2756 739 2803 hanc
750 2754 853 2803 emisse:
871 2752 970 2802 idanus

182 2845 246 2893 Mihi
259 2844 377 2894 indicium
391 2844 458 2893 fecit.

181 2935 247 2982 Nam
257 2941 287 2983 ut
303 2934 361 2982 hinc
373 2934 439 2983 forte
450 2946 480 2982 ea
496 2932 528 2982 ad
539 2931 695 2981 obstetrIcem
707 2938 760 2981 erat
772 2930 859 2979 micea:
877 2928 919 2978 ubi
931 2942 985 2978 eam

242 3012 303 3083 uidi,
312 3021 382 3071 illico

181 3108 297 3174 Acced03
313 3109 405 3173 rogito,
417 3108 546 3173 Pamphila
555 3108 615 3172 quid
625 3116 695 3171 agat:
710 3110 763 3169 jam
773 3113 857 3171 purtim
867 3104 967 3161 eiciet?
