2459 3800
385 480 497 531 nouus
514 481 557 529 ιν.
590 482 700 533 sceui
719 484 760 531 1v.
940 484 970 532 95
1074 452 1076 456 ’

170 619 217 679 Py.
230 611 313 667 Perii!
350 621 397 669 ΡΙι.
412 620 561 671 Temulenta
572 636 607 671 es.
641 625 689 685 Py.
702 622 804 673 Utinam
815 622 850 673 sic
861 621 972 687 siut‚qui

236 708 298 758 mihi
309 711 374 760 mule
383 712 486 761 volunt!
926 708 929 713 ’

170 798 220 845 Do.
236 799 276 847 Au
293 800 405 863 obsecro,
426 815 483 850 meo
498 801 607 865 Pythias,
626 803 685 866 quid
703 803 766 853 istuc
786 817 844 853 nam
866 803 972 853 monstri

235 886 305 937 fuit?
903 884 905 887 ’

171 976 218 1024 Pl.
235 977 346 1028 insanisz
365 978 407 1041 qui
418 979 482 1029 istum
491 981 572 1030 iacere
585 982 719 1033 Eunuchus
730 982 827 1045 potuit?
861 986 908 1045 Py.
920 982 972 1045 ligo

236 1065 308 1114 illum
318 1067 401 1116 nescio

123 1211 125 1215 ,
171 1159 238 1217 Quid
248 1160 338 1211 fuerit:
360 1162 418 1223 hoc,
431 1161 497 1224 quod
510 1162 578 1223 iecit,
590 1176 630 1211 res
641 1162 694 1227 ipss
706 1162 806 1213 indicat.

172 1249 247 1311 surgo
257 1250 311 1313 ipsa
328 1250 469 1315 lacmmat3
487 1265 576 1314 neque,
587 1252 758 1313 oum'rogites,
778 1251 836 1313 quid
847 1252 889 1313 sit,
901 1251 975 1301 audet

236 1338 326 1389 dicere.
420 1370 423 1374 -

170 1427 218 1477 llle
237 1435 319 1477 susem
338 1429 417 1477 bonus
428 1427 465 1477 vir
477 1442 597 1491 nusquam
609 1434 723 1492 apparet:
742 1427 816 1476 etism
827 1426 874 1475 hoo
884 1425 975 1476 misere

236 1515 357 1579 suspicor,

173 1606 275 1669 Aliquid
291 1608 366 1658 domo
381 1609 512 1658 obeuntem
526 1608 665 1659 abstulisse.
698 1610 744 1657 Pl.
771 1609 872 1669 Nequeo
889 1606 974 1681 minari

239 1696 308 1758 salis,

175 1785 230 1839 Quo
241 1782 285 1834 ille
295 1784 363 1835 ubire
373 1785 473 1848 ignavos
483 1786 562 1849 possit
572 1785 669 1847 longius
682 1806 690 1847 3
707 1784 756 1834 nisi
768 1785 789 1834 si
800 1768 901 1835 domum

175 1873 248 1924 Forte
260 1873 347 1924 ainos
358 1874 439 1925 rediit.
472 1878 519 1939 Py·
531 1874 590 1925 Vise
599 1875 699 1935 amabo,
711 1889 770 1925 uum
780 1874 819 1925 sit.
852 1875 900 1923 Ph.
918 1874 976 1924 ism

242 1964 300 2012 fuxo
312 1964 382 2014 scies.
573 2030 577 2035 μ

174 2053 225 2100 Do.
245 2051 328 2102 Perii!
346 2052 460 2113 obsecro,
477 2059 528 2100 tam
546 2051 675 2101 infandum
694 2052 800 2114 fucinus,
816 2065 871 2101 mes
889 2059 928 2113 tu,
947 2066 979 2100 ne

242 2140 325 2190 audivi
334 2141 442 2204 quidem.

179 2232 225 2292 Py.
241 2232 276 2279 At
293 2231 336 2293 pol
351 2245 397 2292 ego
418 2237 543 2280 amatores
563 2229 696 2279 mulierum
718 2243 772 2280 esse
795 2229 920 2280 audieram
937 2243 980 2280 eos

243 2319 379 2368 maximos:
638 2385 641 2392 ι

185 2409 234 2459 Sed
245 2408 308 2459 nihil
319 2417 428 2472 pooesse:
443 2423 529 2458 verum
540 2408 636 2458 miserae
647 2423 698 2458 non
710 2408 737 2457 in
746 2414 854 2458 mentem
865 2415 982 2458 venerat:

182 2500 249 2548 Nam
265 2492 338 2548 illum
349 2499 433 2562 aliquo
450 2499 635 2559 conclusissem,
647 2511 726 2560 neque
748 2497 786 2546 illi
806 2495 983 2546 commisissem

229 2603 370 2654 uirginem.

391 2817 503 2870 ACTUS
523 2818 564 2866 lV.
598 2815 710 2866 SCENA
728 2815 769 2864 IV.

305 2930 442 2980 Pisanum.
474 2932 576 2980 Douue.
608 2931 736 2979 Puuums.
769 2928 879 2976 Domus.

186 3029 236 3078 Exi
248 3029 452 3092 som-sceleste:
476 3030 587 3080 sit-etiam
597 3029 707 3091 restitus,

185 3117 295 3181 Fugitivo
308 3123 319 3170 l
338 3112 420 3185 prodi,
428 3121 493 3170 male
503 3119 641 3171 eonciliate.
667 3121 716 3168 Do.
728 3118 846 3170 Obsecro.
867 3117 913 3164 Pi.
926 3114 966 3163 Oh
979 3115 986 3162 l
