2459 3800
217 450 267 498 mo
429 451 457 499 r.
472 450 633 522 manuni
650 451 806 502 nonnum.

216 588 257 648 Sy.
274 589 332 636 Non
343 587 427 637 bercle
446 589 486 638 hie
503 589 602 652 quidem
620 590 708 640 durare
725 589 865 652 quisquam,
885 589 907 639 si
928 589 963 639 sie
979 591 1017 650 tit,

281 686 368 741 potest

218 766 287 816 Scire
297 767 411 830 equidem
424 769 491 829 volo,
512 776 572 831 «prot
589 768 652 818 mihi
664 769 714 818 sint
723 767 830 817 domini:
849 781 903 829 quae
918 767 970 816 haec
986 773 1024 816 est

283 856 400 904 miseria?

220 945 269 992 De.
286 943 352 998 Quid
368 943 411 991 iile
421 942 526 1003 gannit?
545 943 604 1004 quid
614 944 685 991 volt?
705 942 765 1004 quid
780 943 827 1003 ais,
838 943 966 993 bonevir?
986 949 1024 991 est

282 1032 456 1080 fraterdomi?

218 1123 260 1181 Sp.
277 1119 353 1180 Quid,
365 1121 469 1179 malurn,
481 1121 545 1168 bone
561 1121 599 1168 vir
618 1120 679 1170 mihi
699 1123 805 1170 narras?
825 1121 939 1183 equidem
955 1119 1024 1184 perii.

280 1211 329 1258 De.
346 1209 411 1265 Quid
422 1209 467 1258 tibi
479 1211 536 1259 est?

219 1301 261 1359 Sp.
278 1298 395 1360 Rogitas?
416 1298 533 1360 Ctesipho
544 1312 584 1346 me
594 1297 682 1360 pugnis
694 1297 822 1358 miserum,
834 1305 859 1346 et
871 1297 942 1346 istam
954 1297 1021 1360 psal·

282 1387 355 1435 triam

219 1478 304 1538 Usque
313 1475 409 1525 occidit.
442 1479 492 1525 De.
509 1477 584 1536 Hem,
598 1475 658 1537 quid
671 1477 775 1526 narras?
812 1477 854 1536 Sp.
873 1467 948 1534 Hem,
969 1471 1024 1522 vido

283 1565 535 1614 urdisciditlabmm.
725 1541 732 1554 ”

216 1655 265 1702 De.
282 1655 469 1707 Quamobrem?
506 1656 548 1714 Sy.
564 1636 608 1701 bie
626 1652 760 1720 impulsore
776 1653 840 1700 hanc
860 1659 951 1700 emtam
970 1665 1023 1700 esse

284 1740 326 1789 ait.
358 1743 407 1789 De.
424 1743 589 1790 Nontneum
602 1755 644 1789 rus
655 1740 713 1788 hine
724 1741 798 1790 modo
929 1723 931 1726 ⁵
992 1737 995 1740 ’

220 1829 334 1878 Produxe
353 1829 454 1878 aiebas?
498 1831 539 1890 Sy.
557 1830 675 1878 Factum:
695 1843 780 1878 verum
798 1828 864 1876 venit
883 1835 938 1890 post
957 1827 1025 1876 insa·

285 1917 366 1966 niens:

219 2005 289 2053 Nihil
300 2003 417 2068 pepercit:
430 2019 480 2053 non
493 2005 608 2066 puduisse
619 2008 746 2055 verberare
757 2006 884 2055 hominem
896 2019 990 2065 senem,

218 2096 298 2149 Quem
317 2106 361 2153 ego
382 2092 456 2140 modo
477 2108 581 2155 puerum
602 2094 728 2143 tantillum
756 2095 914 2143 inmanibus
937 2093 1028 2155 gestavi

187 2223 192 2227 .
285 2181 366 2229 meis?

222 2272 270 2318 De.
286 2268 381 2329 Laudo,
391 2270 519 2332 Ctesipho,
528 2270 656 2333 patrissas:
675 2270 725 2331 abi,
735 2270 816 2318 virum
827 2277 851 2319 te
859 2269 952 2331 judico.

224 2362 265 2421 Sy.
282 2358 397 2408 Laudas?
423 2374 461 2408 nae
481 2360 524 2409 ille
543 2359 678 2409 continebit
692 2360 805 2422 posthae,
824 2360 846 2407 si
865 2360 952 2422 sapiet,
973 2371 1026 2406 ma·

286 2462 341 2497 nus.

220 2540 269 2587 De.
286 2538 400 2587 Fortiter.
434 2540 476 2599 Sy.
495 2539 632 2599 Perquam!
652 2538 709 2600 quia
724 2539 840 2587 miseram
852 2537 991 2597 mulierem,
1003 2544 1028 2586 et

290 2628 474 2687 meservolum,

225 2716 274 2772 Qui
286 2716 387 2765 referire
398 2730 448 2764 non
461 2700 591 2775 audebam,
603 2714 674 2764 vicit:
693 2714 736 2762 bui
748 2717 754 2762 ἱ
773 2713 921 2777 perfortiter.

223 2808 272 2856 De.
289 2808 347 2854 Non
363 2804 443 2867 potuit
453 2804 557 2853 melius:
575 2803 652 2864 idem,
673 2802 737 2863 quod
755 2816 810 2863 ego,
828 2802 913 2861 sentit,
931 2808 955 2850 te
971 2814 1025 2849 esse

288 2893 346 2942 huic
358 2892 395 2941 rei
406 2900 487 2955 caput.
930 2944 932 2949 ,
950 2953 952 2962 Α
967 2942 970 2963 ¹

220 2984 269 3034 Sed
290 2990 359 3033 estne
377 2984 454 3034 frater
472 2984 556 3035 intus?
592 2987 635 3047 Sp.
653 2984 709 3033 Non
729 2990 775 3033 est.
808 2986 856 3033 De.
876 2982 924 3036 Ubi
943 2981 1015 3031 illum

288 3084 406 3132 queram,
417 3069 506 3133 cogito.
