<?xml version="1.0" encoding="UTF-8"?>
<!DOCTYPE html PUBLIC "-//W3C//DTD XHTML 1.0 Transitional//EN"
    "http://www.w3.org/TR/xhtml1/DTD/xhtml1-transitional.dtd">
<html xmlns="http://www.w3.org/1999/xhtml" xml:lang="en" lang="en">
 <head>
  <title>
</title>
<meta http-equiv="Content-Type" content="text/html;charset=utf-8" />
  <meta name='ocr-system' content='tesseract 3.04.00' />
  <meta name='ocr-capabilities' content='ocr_page ocr_carea ocr_par ocr_line ocrx_word'/>
</head>
<body>
  <div class='ocr_page' id='page_1' title='image "./comoediaesexadf00zeungoog_0083.png"; bbox 0 0 2459 3800; ppageno 0'>
   <div class='ocr_carea' id='block_1_1' title="bbox 244 425 849 481">
    <p class='ocr_par' dir='ltr' id='par_1_1' title="bbox 244 425 849 481">
     <span class='ocr_line' id='line_1_1' title="bbox 244 425 849 481; baseline -0.007 0"><span class='ocrx_word' id='word_1_1' title='bbox 244 425 274 481; x_wconf 73' lang='grc'><strong>14</strong></span> <span class='ocrx_word' id='word_1_2' title='bbox 433 432 460 480; x_wconf 90' lang='lat' dir='ltr'><strong>P.</strong></span> <span class='ocrx_word' id='word_1_3' title='bbox 471 431 632 480; x_wconf 80' lang='lat' dir='ltr'><strong>TERENTII</strong></span> <span class='ocrx_word' id='word_1_4' title='bbox 649 429 849 481; x_wconf 83' lang='lat' dir='ltr'><strong>EUNUCHUS.</strong></span> 
     </span>
    </p>
   </div>
   <div class='ocr_carea' id='block_1_2' title="bbox 241 561 1051 1170">
    <p class='ocr_par' dir='ltr' id='par_1_2' title="bbox 244 561 1044 716">
     <span class='ocr_line' id='line_1_2' title="bbox 244 561 1044 639; baseline -0.008 -13"><span class='ocrx_word' id='word_1_5' title='bbox 244 561 298 626; x_wconf 86' lang='lat' dir='ltr'><strong>Hoc</strong></span> <span class='ocrx_word' id='word_1_6' title='bbox 317 564 408 625; x_wconf 80' lang='lat' dir='ltr'><strong>novunr</strong></span> <span class='ocrx_word' id='word_1_7' title='bbox 422 582 460 625; x_wconf 78' lang='lat' dir='ltr'><strong>ert</strong></span> <span class='ocrx_word' id='word_1_8' title='bbox 471 576 614 639; x_wconf 85' lang='lat' dir='ltr'><strong>aucupium:</strong></span> <span class='ocrx_word' id='word_1_9' title='bbox 639 589 684 637; x_wconf 77' lang='lat' dir='ltr'><strong>ego</strong></span> <span class='ocrx_word' id='word_1_10' title='bbox 697 574 758 623; x_wconf 77' lang='lat' dir='ltr'><strong>arleo</strong></span> <span class='ocrx_word' id='word_1_11' title='bbox 775 575 840 622; x_wconf 88' lang='lat' dir='ltr'><strong>hanc</strong></span> <span class='ocrx_word' id='word_1_12' title='bbox 852 572 947 635; x_wconf 77' lang='lat' dir='ltr'><strong>primun</strong></span> <span class='ocrx_word' id='word_1_13' title='bbox 961 565 1044 621; x_wconf 80' lang='lat' dir='ltr'><strong>inveni</strong></span> 
     </span>
     <span class='ocr_line' id='line_1_3' title="bbox 308 655 382 716; baseline 0.027 -2"><span class='ocrx_word' id='word_1_14' title='bbox 308 655 382 716; x_wconf 68' lang='lat' dir='ltr'><strong>uiam.</strong></span> 
     </span>
    </p>

    <p class='ocr_par' dir='ltr' id='par_1_3' title="bbox 244 750 1044 905">
     <span class='ocr_line' id='line_1_4' title="bbox 244 750 1044 817; baseline -0.004 -13"><span class='ocrx_word' id='word_1_15' title='bbox 244 757 289 805; x_wconf 84' lang='lat' dir='ltr'><strong>Est</strong></span> <span class='ocrx_word' id='word_1_16' title='bbox 299 769 374 817; x_wconf 81' lang='lat' dir='ltr'><strong>genua</strong></span> <span class='ocrx_word' id='word_1_17' title='bbox 386 753 526 814; x_wconf 89' lang='lat' dir='ltr'><strong>hominum,</strong></span> <span class='ocrx_word' id='word_1_18' title='bbox 545 752 586 815; x_wconf 91' lang='lat' dir='ltr'><strong>qui</strong></span> <span class='ocrx_word' id='word_1_19' title='bbox 602 767 656 802; x_wconf 77' lang='lat' dir='ltr'><strong>eree</strong></span> <span class='ocrx_word' id='word_1_20' title='bbox 666 752 760 816; x_wconf 80' lang='lat' dir='ltr'><strong>primos</strong></span> <span class='ocrx_word' id='word_1_21' title='bbox 781 766 808 801; x_wconf 81' lang='lat' dir='ltr'><strong>ae</strong></span> <span class='ocrx_word' id='word_1_22' title='bbox 824 750 937 800; x_wconf 85' lang='lat' dir='ltr'><strong>amnium</strong></span> <span class='ocrx_word' id='word_1_23' title='bbox 961 767 1044 802; x_wconf 87' lang='lat' dir='ltr'><strong>rerum</strong></span> 
     </span>
     <span class='ocr_line' id='line_1_5' title="bbox 309 845 414 905; baseline 0.019 -15"><span class='ocrx_word' id='word_1_24' title='bbox 309 845 414 905; x_wconf 81' lang='lat' dir='ltr'><strong>volunt3</strong></span> 
     </span>
    </p>

    <p class='ocr_par' dir='ltr' id='par_1_4' title="bbox 241 929 1051 993">
     <span class='ocr_line' id='line_1_6' title="bbox 241 929 1051 993; baseline 0 -15"><span class='ocrx_word' id='word_1_25' title='bbox 241 932 294 980; x_wconf 86' lang='lat' dir='ltr'><strong>Nec</strong></span> <span class='ocrx_word' id='word_1_26' title='bbox 303 941 373 980; x_wconf 84' lang='lat' dir='ltr'><strong>sunt:</strong></span> <span class='ocrx_word' id='word_1_27' title='bbox 387 931 433 978; x_wconf 80' lang='lat' dir='ltr'><strong>hos</strong></span> <span class='ocrx_word' id='word_1_28' title='bbox 442 937 583 978; x_wconf 80' lang='lat' dir='ltr'><strong>consector:</strong></span> <span class='ocrx_word' id='word_1_29' title='bbox 596 929 664 978; x_wconf 81' lang='lat' dir='ltr'><strong>hisce</strong></span> <span class='ocrx_word' id='word_1_30' title='bbox 671 943 716 990; x_wconf 78' lang='lat' dir='ltr'><strong>ego</strong></span> <span class='ocrx_word' id='word_1_31' title='bbox 726 943 777 978; x_wconf 88' lang='lat' dir='ltr'><strong>non</strong></span> <span class='ocrx_word' id='word_1_32' title='bbox 786 943 846 993; x_wconf 81' lang='lat' dir='ltr'><strong>paro</strong></span> <span class='ocrx_word' id='word_1_33' title='bbox 855 944 896 979; x_wconf 88' lang='lat' dir='ltr'><strong>me</strong></span> <span class='ocrx_word' id='word_1_34' title='bbox 901 937 930 980; x_wconf 77' lang='lat' dir='ltr'><strong>ut</strong></span> <span class='ocrx_word' id='word_1_35' title='bbox 938 929 1051 991; x_wconf 78' lang='lat' dir='ltr'><strong>rideant3</strong></span> 
     </span>
    </p>

    <p class='ocr_par' dir='ltr' id='par_1_5' title="bbox 243 1017 989 1078">
     <span class='ocr_line' id='line_1_7' title="bbox 243 1017 989 1078; baseline 0 -12"><span class='ocrx_word' id='word_1_36' title='bbox 243 1017 292 1066; x_wconf 86' lang='lat' dir='ltr'><strong>Sed</strong></span> <span class='ocrx_word' id='word_1_37' title='bbox 303 1017 342 1066; x_wconf 84' lang='lat' dir='ltr'><strong>his</strong></span> <span class='ocrx_word' id='word_1_38' title='bbox 351 1018 417 1066; x_wconf 88' lang='lat' dir='ltr'><strong>ultro</strong></span> <span class='ocrx_word' id='word_1_39' title='bbox 429 1017 536 1076; x_wconf 86' lang='lat' dir='ltr'><strong>arrideo,</strong></span> <span class='ocrx_word' id='word_1_40' title='bbox 548 1025 667 1066; x_wconf 82' lang='lat' dir='ltr'><strong>eteorum</strong></span> <span class='ocrx_word' id='word_1_41' title='bbox 676 1017 775 1078; x_wconf 65' lang='lat' dir='ltr'><strong>ingenia</strong></span> <span class='ocrx_word' id='word_1_42' title='bbox 786 1018 895 1066; x_wconf 83' lang='lat' dir='ltr'><strong>admiror</strong></span> <span class='ocrx_word' id='word_1_43' title='bbox 906 1018 989 1067; x_wconf 82' lang='lat' dir='ltr'><strong>simul.</strong></span> 
     </span>
    </p>

    <p class='ocr_par' dir='ltr' id='par_1_6' title="bbox 243 1090 1048 1170">
     <span class='ocr_line' id='line_1_8' title="bbox 243 1090 1048 1170; baseline -0.002 -14"><span class='ocrx_word' id='word_1_44' title='bbox 243 1106 365 1170; x_wconf 85' lang='lat' dir='ltr'><strong>Quicquid</strong></span> <span class='ocrx_word' id='word_1_45' title='bbox 379 1106 473 1168; x_wconf 86' lang='lat' dir='ltr'><strong>dicunt,</strong></span> <span class='ocrx_word' id='word_1_46' title='bbox 492 1107 585 1156; x_wconf 85' lang='lat' dir='ltr'><strong>laudo:</strong></span> <span class='ocrx_word' id='word_1_47' title='bbox 611 1107 637 1156; x_wconf 91' lang='lat' dir='ltr'><strong>id</strong></span> <span class='ocrx_word' id='word_1_48' title='bbox 653 1110 754 1156; x_wconf 83' lang='lat' dir='ltr'><strong>ruraurn</strong></span> <span class='ocrx_word' id='word_1_49' title='bbox 762 1099 792 1155; x_wconf 81' lang='lat' dir='ltr'><strong>&#39;si</strong></span> <span class='ocrx_word' id='word_1_50' title='bbox 811 1090 919 1168; x_wconf 77' lang='lat' dir='ltr'><strong>negant,</strong></span> <span class='ocrx_word' id='word_1_51' title='bbox 932 1107 1006 1156; x_wconf 84' lang='lat' dir='ltr'><strong>laudo</strong></span> <span class='ocrx_word' id='word_1_52' title='bbox 1023 1106 1048 1155; x_wconf 89' lang='lat' dir='ltr'><strong>id</strong></span> 
     </span>
    </p>
   </div>
   <div class='ocr_carea' id='block_1_3' title="bbox 174 1209 1049 2946">
    <p class='ocr_par' dir='ltr' id='par_1_7' title="bbox 309 1209 414 1258">
     <span class='ocr_line' id='line_1_9' title="bbox 309 1209 414 1258; baseline 0.01 -15"><span class='ocrx_word' id='word_1_53' title='bbox 309 1209 414 1258; x_wconf 89' lang='lat' dir='ltr'><strong>quoque.</strong></span> 
     </span>
    </p>

    <p class='ocr_par' dir='ltr' id='par_1_8' title="bbox 243 1283 1048 1347">
     <span class='ocr_line' id='line_1_10' title="bbox 243 1283 1048 1347; baseline -0.001 -14"><span class='ocrx_word' id='word_1_54' title='bbox 243 1286 322 1345; x_wconf 82' lang='lat' dir='ltr'><strong>Negat</strong></span> <span class='ocrx_word' id='word_1_55' title='bbox 328 1283 395 1346; x_wconf 78' lang='lat' dir='ltr'><strong>quia?</strong></span> <span class='ocrx_word' id='word_1_56' title='bbox 407 1298 482 1345; x_wconf 79' lang='lat' dir='ltr'><strong>nego:</strong></span> <span class='ocrx_word' id='word_1_57' title='bbox 491 1283 543 1333; x_wconf 83' lang='lat' dir='ltr'><strong>ait?</strong></span> <span class='ocrx_word' id='word_1_58' title='bbox 554 1283 1048 1347; x_wconf 56' lang='lat' dir='ltr'><strong>aiu.Postremostmperaviegometmihi,</strong></span> 
     </span>
    </p>

    <p class='ocr_par' dir='ltr' id='par_1_9' title="bbox 245 1365 999 1436">
     <span class='ocr_line' id='line_1_11' title="bbox 245 1365 999 1436; baseline -0.004 -12"><span class='ocrx_word' id='word_1_59' title='bbox 245 1365 336 1424; x_wconf 83' lang='lat' dir='ltr'><strong>Omnia</strong></span> <span class='ocrx_word' id='word_1_60' title='bbox 347 1374 474 1422; x_wconf 80' lang='lat' dir='ltr'>assentari.</span> <span class='ocrx_word' id='word_1_61' title='bbox 486 1375 509 1422; x_wconf 84' lang='lat' dir='ltr'><strong>Is</strong></span> <span class='ocrx_word' id='word_1_62' title='bbox 518 1381 625 1436; x_wconf 80' lang='lat' dir='ltr'><strong>quaestus</strong></span> <span class='ocrx_word' id='word_1_63' title='bbox 637 1389 703 1423; x_wconf 88' lang='lat' dir='ltr'><strong>nunc</strong></span> <span class='ocrx_word' id='word_1_64' title='bbox 713 1381 752 1423; x_wconf 81' lang='lat' dir='ltr'><strong>eet</strong></span> <span class='ocrx_word' id='word_1_65' title='bbox 761 1374 841 1422; x_wconf 77' lang='lat' dir='ltr'><strong>mulio</strong></span> <span class='ocrx_word' id='word_1_66' title='bbox 852 1373 999 1422; x_wconf 73' lang='lat' dir='ltr'><strong>uberrimus.</strong></span> 
     </span>
    </p>

    <p class='ocr_par' dir='ltr' id='par_1_10' title="bbox 243 1463 1047 1603">
     <span class='ocr_line' id='line_1_12' title="bbox 243 1463 1047 1527; baseline -0.001 -15"><span class='ocrx_word' id='word_1_67' title='bbox 243 1467 303 1513; x_wconf 83' lang='lat' dir='ltr'><strong>Par.</strong></span> <span class='ocrx_word' id='word_1_68' title='bbox 321 1464 518 1513; x_wconf 82' lang='lat' dir='ltr'><strong>Scitum·hercle</strong></span> <span class='ocrx_word' id='word_1_69' title='bbox 535 1463 678 1513; x_wconf 88' lang='lat' dir='ltr'><strong>hominem!</strong></span> <span class='ocrx_word' id='word_1_70' title='bbox 697 1463 738 1512; x_wconf 86' lang='lat' dir='ltr'><strong>hic</strong></span> <span class='ocrx_word' id='word_1_71' title='bbox 756 1463 870 1513; x_wconf 81' lang='lat' dir='ltr'><strong>homines</strong></span> <span class='ocrx_word' id='word_1_72' title='bbox 889 1477 1003 1527; x_wconf 74' lang='lat' dir='ltr'><strong>prorsum</strong></span> <span class='ocrx_word' id='word_1_73' title='bbox 1015 1477 1047 1511; x_wconf 84' lang='lat' dir='ltr'><strong>ex</strong></span> 
     </span>
     <span class='ocr_line' id='line_1_13' title="bbox 309 1553 580 1603; baseline 0 -1"><span class='ocrx_word' id='word_1_74' title='bbox 309 1554 390 1603; x_wconf 82' lang='lat' dir='ltr'><strong>stultis</strong></span> <span class='ocrx_word' id='word_1_75' title='bbox 403 1553 502 1603; x_wconf 85' lang='lat' dir='ltr'><strong>insanos</strong></span> <span class='ocrx_word' id='word_1_76' title='bbox 513 1553 580 1602; x_wconf 86' lang='lat' dir='ltr'><strong>facit.</strong></span> 
     </span>
    </p>

    <p class='ocr_par' dir='ltr' id='par_1_11' title="bbox 244 1638 1044 1793">
     <span class='ocr_line' id='line_1_14' title="bbox 244 1638 1044 1704; baseline 0 -14"><span class='ocrx_word' id='word_1_77' title='bbox 244 1643 290 1691; x_wconf 78' lang='lat' dir='ltr'><strong>Ga.</strong></span> <span class='ocrx_word' id='word_1_78' title='bbox 307 1644 373 1691; x_wconf 90' lang='lat' dir='ltr'><strong>Dum</strong></span> <span class='ocrx_word' id='word_1_79' title='bbox 384 1644 437 1692; x_wconf 85' lang='lat' dir='ltr'><strong>haec</strong></span> <span class='ocrx_word' id='word_1_80' title='bbox 448 1642 584 1704; x_wconf 87' lang='lat' dir='ltr'><strong>loquimur,</strong></span> <span class='ocrx_word' id='word_1_81' title='bbox 596 1641 691 1690; x_wconf 88' lang='lat' dir='ltr'><strong>interea</strong></span> <span class='ocrx_word' id='word_1_82' title='bbox 701 1641 751 1690; x_wconf 87' lang='lat' dir='ltr'><strong>loci</strong></span> <span class='ocrx_word' id='word_1_83' title='bbox 761 1641 793 1690; x_wconf 88' lang='lat' dir='ltr'><strong>ad</strong></span> <span class='ocrx_word' id='word_1_84' title='bbox 806 1643 937 1691; x_wconf 79' lang='lat' dir='ltr'><strong>macellum</strong></span> <span class='ocrx_word' id='word_1_85' title='bbox 947 1638 990 1691; x_wconf 86' lang='lat' dir='ltr'><strong>ubi</strong></span> <span class='ocrx_word' id='word_1_86' title='bbox 1000 1641 1044 1690; x_wconf 88' lang='lat' dir='ltr'><strong>ad-</strong></span> 
     </span>
     <span class='ocr_line' id='line_1_15' title="bbox 307 1731 789 1793; baseline 0.006 -15"><span class='ocrx_word' id='word_1_87' title='bbox 307 1732 436 1793; x_wconf 80' lang='lat' dir='ltr'><strong>venimua;</strong></span> <span class='ocrx_word' id='word_1_88' title='bbox 544 1731 546 1735; x_wconf 84' lang='lat'>&#39;</span> <span class='ocrx_word' id='word_1_89' title='bbox 787 1736 789 1740; x_wconf 83' lang='grc'><strong>“</strong></span> 
     </span>
    </p>

    <p class='ocr_par' dir='ltr' id='par_1_12' title="bbox 244 1818 887 1881">
     <span class='ocr_line' id='line_1_16' title="bbox 244 1818 887 1881; baseline -0.003 -12"><span class='ocrx_word' id='word_1_90' title='bbox 244 1820 402 1869; x_wconf 74' lang='lat' dir='ltr'><strong>Concurrunt</strong></span> <span class='ocrx_word' id='word_1_91' title='bbox 411 1818 462 1868; x_wconf 82' lang='lat' dir='ltr'><strong>laeu</strong></span> <span class='ocrx_word' id='word_1_92' title='bbox 470 1818 504 1867; x_wconf 86' lang='lat' dir='ltr'><strong>mi</strong></span> <span class='ocrx_word' id='word_1_93' title='bbox 514 1819 611 1867; x_wconf 87' lang='lat' dir='ltr'><strong>obviam</strong></span> <span class='ocrx_word' id='word_1_94' title='bbox 623 1819 774 1881; x_wconf 84' lang='lat' dir='ltr'><strong>cupedinarii</strong></span> <span class='ocrx_word' id='word_1_95' title='bbox 785 1833 871 1868; x_wconf 79' lang='lat' dir='ltr'><strong>onmes</strong></span> <span class='ocrx_word' id='word_1_96' title='bbox 882 1839 887 1867; x_wconf 71' lang='grc' dir='ltr'>ι</span> 
     </span>
    </p>

    <p class='ocr_par' dir='ltr' id='par_1_13' title="bbox 245 1908 802 1971">
     <span class='ocr_line' id='line_1_17' title="bbox 245 1908 802 1971; baseline -0.002 -13"><span class='ocrx_word' id='word_1_97' title='bbox 245 1909 346 1970; x_wconf 77' lang='lat' dir='ltr'><strong>cetarii,</strong></span> <span class='ocrx_word' id='word_1_98' title='bbox 358 1909 428 1969; x_wconf 84' lang='lat' dir='ltr'><strong>lanii,</strong></span> <span class='ocrx_word' id='word_1_99' title='bbox 440 1908 522 1971; x_wconf 87' lang='lat' dir='ltr'><strong>coqui,</strong></span> <span class='ocrx_word' id='word_1_100' title='bbox 534 1910 649 1969; x_wconf 79' lang='lat' dir='ltr'><strong>fartores,</strong></span> <span class='ocrx_word' id='word_1_101' title='bbox 659 1908 802 1971; x_wconf 77' lang='lat' dir='ltr'><strong>piscatores,</strong></span> 
     </span>
    </p>

    <p class='ocr_par' dir='ltr' id='par_1_14' title="bbox 243 1998 1049 2149">
     <span class='ocr_line' id='line_1_18' title="bbox 243 1998 1049 2063; baseline 0.005 -18"><span class='ocrx_word' id='word_1_102' title='bbox 243 1998 349 2059; x_wconf 80' lang='lat' dir='ltr'><strong>Quibus,</strong></span> <span class='ocrx_word' id='word_1_103' title='bbox 358 2006 383 2047; x_wconf 85' lang='lat' dir='ltr'><strong>et</strong></span> <span class='ocrx_word' id='word_1_104' title='bbox 394 2012 420 2047; x_wconf 91' lang='lat' dir='ltr'><strong>re</strong></span> <span class='ocrx_word' id='word_1_105' title='bbox 429 1999 505 2057; x_wconf 83' lang='lat' dir='ltr'><strong>salva,</strong></span> <span class='ocrx_word' id='word_1_106' title='bbox 514 2005 539 2047; x_wconf 86' lang='lat' dir='ltr'><strong>et</strong></span> <span class='ocrx_word' id='word_1_107' title='bbox 549 1998 652 2061; x_wconf 82' lang='lat' dir='ltr'><strong>perdita,</strong></span> <span class='ocrx_word' id='word_1_108' title='bbox 664 2000 817 2061; x_wconf 83' lang='lat' dir='ltr'><strong>profueram,</strong></span> <span class='ocrx_word' id='word_1_109' title='bbox 828 2007 854 2048; x_wconf 79' lang='lat' dir='ltr'><strong>et</strong></span> <span class='ocrx_word' id='word_1_110' title='bbox 863 2012 965 2061; x_wconf 86' lang='lat' dir='ltr'><strong>prosum</strong></span> <span class='ocrx_word' id='word_1_111' title='bbox 973 2013 1049 2063; x_wconf 74' lang='lat' dir='ltr'><strong>sape:</strong></span> 
     </span>
     <span class='ocr_line' id='line_1_19' title="bbox 244 2082 966 2149; baseline 0.001 -13"><span class='ocrx_word' id='word_1_112' title='bbox 244 2082 372 2149; x_wconf 62' lang='lat' dir='ltr'><strong>Salutantg</strong></span> <span class='ocrx_word' id='word_1_113' title='bbox 390 2087 420 2135; x_wconf 85' lang='lat' dir='ltr'><strong>ad</strong></span> <span class='ocrx_word' id='word_1_114' title='bbox 431 2100 525 2135; x_wconf 88' lang='lat' dir='ltr'><strong>coenam</strong></span> <span class='ocrx_word' id='word_1_115' title='bbox 537 2095 641 2136; x_wconf 73' lang='lat' dir='ltr'><strong>vocant:</strong></span> <span class='ocrx_word' id='word_1_116' title='bbox 660 2087 790 2137; x_wconf 81' lang='lat' dir='ltr'><strong>adrentmn</strong></span> <span class='ocrx_word' id='word_1_117' title='bbox 805 2089 966 2149; x_wconf 71' lang='lat' dir='ltr'><strong>granulantur.</strong></span> 
     </span>
    </p>

    <p class='ocr_par' dir='ltr' id='par_1_15' title="bbox 174 2151 889 2238">
     <span class='ocr_line' id='line_1_20' title="bbox 174 2151 889 2238; baseline 0.003 -15"><span class='ocrx_word' id='word_1_118' title='bbox 174 2151 176 2165; x_wconf 46' lang='grc'>’</span> <span class='ocrx_word' id='word_1_119' title='bbox 243 2176 289 2224; x_wconf 88' lang='lat' dir='ltr'><strong>ille</strong></span> <span class='ocrx_word' id='word_1_120' title='bbox 300 2175 342 2225; x_wconf 89' lang='lat' dir='ltr'><strong>ubi</strong></span> <span class='ocrx_word' id='word_1_121' title='bbox 352 2175 426 2224; x_wconf 85' lang='lat' dir='ltr'><strong>miser</strong></span> <span class='ocrx_word' id='word_1_122' title='bbox 437 2174 564 2224; x_wconf 82' lang='lat' dir='ltr'><strong>famelicus</strong></span> <span class='ocrx_word' id='word_1_123' title='bbox 576 2176 642 2226; x_wconf 81' lang='lat' dir='ltr'><strong>videt</strong></span> <span class='ocrx_word' id='word_1_124' title='bbox 652 2191 691 2225; x_wconf 90' lang='lat' dir='ltr'><strong>me</strong></span> <span class='ocrx_word' id='word_1_125' title='bbox 703 2184 772 2226; x_wconf 83' lang='lat' dir='ltr'><strong>tanto</strong></span> <span class='ocrx_word' id='word_1_126' title='bbox 783 2179 889 2238; x_wconf 85' lang='lat' dir='ltr'>honore,</span> 
     </span>
    </p>

    <p class='ocr_par' dir='ltr' id='par_1_16' title="bbox 245 2263 1047 2412">
     <span class='ocr_line' id='line_1_21' title="bbox 245 2263 1047 2328; baseline 0.005 -16"><span class='ocrx_word' id='word_1_127' title='bbox 245 2265 277 2312; x_wconf 79' lang='lat' dir='ltr'><strong>Et</strong></span> <span class='ocrx_word' id='word_1_128' title='bbox 293 2270 344 2313; x_wconf 83' lang='lat' dir='ltr'><strong>tam</strong></span> <span class='ocrx_word' id='word_1_129' title='bbox 357 2263 428 2311; x_wconf 80' lang='lat' dir='ltr'><strong>facile</strong></span> <span class='ocrx_word' id='word_1_130' title='bbox 439 2263 530 2313; x_wconf 85' lang='lat' dir='ltr'><strong>victum</strong></span> <span class='ocrx_word' id='word_1_131' title='bbox 542 2278 667 2327; x_wconf 78' lang='lat' dir='ltr'><strong>quarere:</strong></span> <span class='ocrx_word' id='word_1_132' title='bbox 677 2264 720 2314; x_wconf 84' lang='lat' dir='ltr'><strong>ibi</strong></span> <span class='ocrx_word' id='word_1_133' title='bbox 731 2267 807 2316; x_wconf 88' lang='lat' dir='ltr'><strong>homo</strong></span> <span class='ocrx_word' id='word_1_134' title='bbox 825 2266 901 2328; x_wconf 81' lang='lat' dir='ltr'><strong>coepit</strong></span> <span class='ocrx_word' id='word_1_135' title='bbox 910 2279 959 2315; x_wconf 73' lang='lat' dir='ltr'><strong>aue</strong></span> <span class='ocrx_word' id='word_1_136' title='bbox 975 2268 1047 2316; x_wconf 79' lang='lat' dir='ltr'><strong>obae-</strong></span> 
     </span>
     <span class='ocr_line' id='line_1_22' title="bbox 307 2342 799 2412; baseline 0.002 -12"><span class='ocrx_word' id='word_1_137' title='bbox 307 2366 385 2412; x_wconf 88' lang='lat' dir='ltr'><strong>crare,</strong></span> <span class='ocrx_word' id='word_1_138' title='bbox 726 2342 732 2353; x_wconf 82' lang='grc'><strong>’</strong></span> <span class='ocrx_word' id='word_1_139' title='bbox 791 2348 799 2359; x_wconf 87' lang='grc'><strong>’</strong></span> 
     </span>
    </p>

    <p class='ocr_par' dir='ltr' id='par_1_17' title="bbox 245 2439 871 2505">
     <span class='ocr_line' id='line_1_23' title="bbox 245 2439 871 2505; baseline 0.003 -16"><span class='ocrx_word' id='word_1_140' title='bbox 245 2442 280 2489; x_wconf 85' lang='grc'><strong>111</strong></span> <span class='ocrx_word' id='word_1_141' title='bbox 291 2439 338 2488; x_wconf 82' lang='lat' dir='ltr'><strong>ribi</strong></span> <span class='ocrx_word' id='word_1_142' title='bbox 349 2440 434 2489; x_wconf 83' lang='lat' dir='ltr'><strong>liceret</strong></span> <span class='ocrx_word' id='word_1_143' title='bbox 444 2440 537 2489; x_wconf 81' lang='lat' dir='ltr'>discere</span> <span class='ocrx_word' id='word_1_144' title='bbox 548 2441 573 2490; x_wconf 91' lang='lat' dir='ltr'><strong>id</strong></span> <span class='ocrx_word' id='word_1_145' title='bbox 582 2442 612 2491; x_wconf 89' lang='lat' dir='ltr'><strong>de</strong></span> <span class='ocrx_word' id='word_1_146' title='bbox 624 2456 664 2491; x_wconf 88' lang='lat' dir='ltr'><strong>me</strong></span> <span class='ocrx_word' id='word_1_147' title='bbox 676 2462 682 2491; x_wconf 70' lang='grc' dir='ltr'>ε</span> <span class='ocrx_word' id='word_1_148' title='bbox 701 2443 789 2492; x_wconf 61' lang='lat' dir='ltr'><strong>securi</strong></span> <span class='ocrx_word' id='word_1_149' title='bbox 797 2443 871 2505; x_wconf 78' lang='lat' dir='ltr'><strong>iussi,</strong></span> 
     </span>
    </p>

    <p class='ocr_par' dir='ltr' id='par_1_18' title="bbox 243 2526 1045 2597">
     <span class='ocr_line' id='line_1_24' title="bbox 243 2526 1045 2597; baseline 0.009 -21"><span class='ocrx_word' id='word_1_150' title='bbox 243 2528 270 2577; x_wconf 87' lang='lat' dir='ltr'><strong>Si</strong></span> <span class='ocrx_word' id='word_1_151' title='bbox 282 2528 345 2591; x_wconf 85' lang='lat' dir='ltr'><strong>potia</strong></span> <span class='ocrx_word' id='word_1_152' title='bbox 355 2537 402 2589; x_wconf 82' lang='lat' dir='ltr'><strong>est,</strong></span> <span class='ocrx_word' id='word_1_153' title='bbox 415 2536 532 2591; x_wconf 86' lang='lat' dir='ltr'><strong>tanquam</strong></span> <span class='ocrx_word' id='word_1_154' title='bbox 543 2530 747 2593; x_wconf 84' lang='lat' dir='ltr'><strong>philosophorum</strong></span> <span class='ocrx_word' id='word_1_155' title='bbox 757 2531 850 2585; x_wconf 69' lang='lat' dir='ltr'><strong>nahem</strong></span> <span class='ocrx_word' id='word_1_156' title='bbox 868 2526 1003 2597; x_wconf 75' lang='lat' dir='ltr'><strong>disciplinae</strong></span> <span class='ocrx_word' id='word_1_157' title='bbox 1014 2548 1045 2583; x_wconf 88' lang='lat' dir='ltr'><strong>ex</strong></span> 
     </span>
    </p>

    <p class='ocr_par' dir='ltr' id='par_1_19' title="bbox 288 2618 743 2682">
     <span class='ocr_line' id='line_1_25' title="bbox 288 2618 743 2682; baseline 0.015 -16"><span class='ocrx_word' id='word_1_158' title='bbox 288 2618 366 2682; x_wconf 51' lang='lat' dir='ltr'><strong>¹ipris</strong></span> <span class='ocrx_word' id='word_1_159' title='bbox 739 2668 743 2673; x_wconf 92' lang='lat'>.</span> 
     </span>
    </p>

    <p class='ocr_par' dir='ltr' id='par_1_20' title="bbox 245 2707 893 2777">
     <span class='ocr_line' id='line_1_26' title="bbox 245 2707 893 2777; baseline 0.006 -19"><span class='ocrx_word' id='word_1_160' title='bbox 245 2709 378 2769; x_wconf 80' lang='lat' dir='ltr'><strong>vocabula,</strong></span> <span class='ocrx_word' id='word_1_161' title='bbox 388 2707 490 2771; x_wconf 77' lang='lat' dir='ltr'><strong>parasiti</strong></span> <span class='ocrx_word' id='word_1_162' title='bbox 500 2708 559 2759; x_wconf 77' lang='lat' dir='ltr'><strong>item</strong></span> <span class='ocrx_word' id='word_1_163' title='bbox 571 2716 599 2759; x_wconf 83' lang='lat' dir='ltr'><strong>ut</strong></span> <span class='ocrx_word' id='word_1_164' title='bbox 608 2710 758 2777; x_wconf 82' lang='lat' dir='ltr'><strong>Gnathonici</strong></span> <span class='ocrx_word' id='word_1_165' title='bbox 767 2719 893 2763; x_wconf 83' lang='lat' dir='ltr'><strong>vocentur.</strong></span> 
     </span>
    </p>

    <p class='ocr_par' dir='ltr' id='par_1_21' title="bbox 243 2797 1045 2946">
     <span class='ocr_line' id='line_1_27' title="bbox 243 2797 1045 2862; baseline 0.012 -17"><span class='ocrx_word' id='word_1_166' title='bbox 243 2800 303 2845; x_wconf 84' lang='lat' dir='ltr'><strong>Par.</strong></span> <span class='ocrx_word' id='word_1_167' title='bbox 319 2797 407 2847; x_wconf 88' lang='lat' dir='ltr'><strong>Viden’</strong></span> <span class='ocrx_word' id='word_1_168' title='bbox 419 2797 508 2860; x_wconf 85' lang='lat' dir='ltr'><strong>otium,</strong></span> <span class='ocrx_word' id='word_1_169' title='bbox 520 2806 545 2848; x_wconf 83' lang='lat' dir='ltr'><strong>et</strong></span> <span class='ocrx_word' id='word_1_170' title='bbox 556 2799 625 2849; x_wconf 87' lang='lat' dir='ltr'><strong>cibus</strong></span> <span class='ocrx_word' id='word_1_171' title='bbox 635 2801 694 2862; x_wconf 90' lang='lat' dir='ltr'><strong>quid</strong></span> <span class='ocrx_word' id='word_1_172' title='bbox 703 2801 777 2851; x_wconf 77' lang='lat' dir='ltr'><strong>faciat</strong></span> <span class='ocrx_word' id='word_1_173' title='bbox 786 2802 900 2853; x_wconf 81' lang='lat' dir='ltr'><strong>alienus?</strong></span> <span class='ocrx_word' id='word_1_174' title='bbox 932 2806 978 2855; x_wconf 79' lang='lat' dir='ltr'><strong>Gn.</strong></span> <span class='ocrx_word' id='word_1_175' title='bbox 995 2806 1045 2855; x_wconf 87' lang='lat' dir='ltr'><strong>Sed</strong></span> 
     </span>
     <span class='ocr_line' id='line_1_28' title="bbox 310 2896 487 2946; baseline 0.017 -13"><span class='ocrx_word' id='word_1_176' title='bbox 310 2896 354 2946; x_wconf 83' lang='lat' dir='ltr'><strong>ego</strong></span> <span class='ocrx_word' id='word_1_177' title='bbox 366 2900 435 2935; x_wconf 83' lang='lat' dir='ltr'><strong>cesso</strong></span> <span class='ocrx_word' id='word_1_178' title='bbox 484 2922 487 2925; x_wconf 92' lang='lat'>-</span> 
     </span>
    </p>
   </div>
   <div class='ocr_carea' id='block_1_4' title="bbox 241 2947 1042 3116">
    <p class='ocr_par' dir='ltr' id='par_1_22' title="bbox 241 2947 1042 3116">
     <span class='ocr_line' id='line_1_29' title="bbox 241 2947 1042 3055; baseline 0.011 -33"><span class='ocrx_word' id='word_1_179' title='bbox 241 2972 281 3022; x_wconf 82' lang='lat' dir='ltr'><strong>Ad</strong></span> <span class='ocrx_word' id='word_1_180' title='bbox 291 2972 412 3055; x_wconf 64' lang='lat' dir='ltr'><strong>&#39;Quidem</strong></span> <span class='ocrx_word' id='word_1_181' title='bbox 423 2975 487 3025; x_wconf 89' lang='lat' dir='ltr'><strong>hanc</strong></span> <span class='ocrx_word' id='word_1_182' title='bbox 504 2947 634 3038; x_wconf 79' lang='lat' dir='ltr'><strong>deducere,</strong></span> <span class='ocrx_word' id='word_1_183' title='bbox 652 2978 795 3040; x_wconf 71' lang='lat' dir='ltr'><strong>errogiure</strong></span> <span class='ocrx_word' id='word_1_184' title='bbox 807 2980 838 3034; x_wconf 83' lang='lat' dir='ltr'><strong>ad</strong></span> <span class='ocrx_word' id='word_1_185' title='bbox 850 2996 947 3033; x_wconf 86' lang='lat' dir='ltr'><strong>caenam</strong></span> <span class='ocrx_word' id='word_1_186' title='bbox 958 2990 986 3032; x_wconf 76' lang='lat' dir='ltr'><strong>ut</strong></span> <span class='ocrx_word' id='word_1_187' title='bbox 1000 2997 1042 3031; x_wconf 86' lang='lat' dir='ltr'><strong>ve·</strong></span> 
     </span>
     <span class='ocr_line' id='line_1_30' title="bbox 273 3060 427 3116; baseline 0.032 -5"><span class='ocrx_word' id='word_1_188' title='bbox 273 3106 276 3111; x_wconf 93' lang='lat'>.</span> <span class='ocrx_word' id='word_1_189' title='bbox 308 3060 376 3112; x_wconf 78' lang='lat' dir='ltr'><strong>aiat?</strong></span> <span class='ocrx_word' id='word_1_190' title='bbox 423 3106 427 3116; x_wconf 92' lang='lat'>.</span> 
     </span>
    </p>
   </div>
   <div class='ocr_carea' id='block_1_5' title="bbox 0 0 1243 3800">
    <p class='ocr_par' dir='ltr' id='par_1_23' title="bbox 0 0 1243 3800">
     <span class='ocr_line' id='line_1_31' title="bbox 0 0 1243 3800; baseline 0 0"><span class='ocrx_word' id='word_1_191' title='bbox 0 0 1243 3800; x_wconf 95' lang='lat' dir='ltr'><strong> </strong></span> 
     </span>
    </p>
   </div>
  </div>
 </body>
</html>
