2459 3800
245 495 294 543 282
457 500 485 547 P.
501 499 825 550 u·uattNT11.HttcvttA.

248 641 312 688 Nam
324 637 426 688 omnino
436 639 568 689 abhorrere
580 640 692 690 animum
704 641 763 691 huic
772 642 844 692 video
854 655 870 691 a
881 641 982 706 nuptiis.

248 729 296 777 Lu.
313 727 379 782 Quid
389 741 447 789 ergo
458 741 537 790 agam,
550 729 688 794 Phidippe?
708 730 767 793 quid
778 732 822 781 das
829 731 948 780 consilii?

247 811 294 864 Pd.
311 815 377 871 Quid
388 829 444 878 agas
455 819 466 864 ἓ
485 817 638 867 meretricem
654 819 719 868 hauc
729 819 837 883 primum
845 819 982 869 adeundam
993 833 1055 867 ceu-

314 918 372 953 seo:

249 991 371 1041 Oremus:
390 1006 534 1041 accusemus
546 995 644 1054 gravius
657 1015 664 1044 ι
679 995 785 1057 denique

248 1079 273 1126 M
278 1076 404 1139 imitemur,
416 1079 438 1127 si
451 1094 507 1128 cum
520 1080 564 1129 illo
575 1083 692 1131 habuerit
701 1097 753 1132 rem
765 1091 858 1146 postea

247 1167 296 1215 La.
315 1165 412 1215 Faciam
434 1175 462 1217 ut
483 1181 577 1218 mones.
596 1171 652 1218 Eho
670 1184 742 1233 puer,
763 1185 835 1220 curre
856 1171 888 1220 ad
905 1171 1055 1220 Bacchidem

314 1256 377 1304 hanc

247 1341 359 1392 Vicinam
371 1352 497 1408 nostram
514 1347 563 1395 huc
574 1360 648 1397 evoca
656 1349 736 1398 verbis
750 1348 820 1398 meis.

248 1433 281 1482 Et
292 1439 316 1482 te
327 1447 372 1482 oro
379 1447 453 1495 porro
465 1433 491 1482 in
500 1435 546 1483 hac
557 1449 584 1484 rc
595 1436 695 1496 adjutor
706 1436 740 1485 sis
752 1435 823 1485 mihi.
856 1438 904 1485 Ph.
919 1436 971 1496 Ah,

248 1520 408 1571 iamdudum
419 1522 480 1584 dixi,
489 1523 602 1585 idemque
613 1538 680 1574 nunc
692 1525 759 1586 dico,
771 1525 870 1588 bach03

250 1611 353 1660 Manere
363 1611 504 1661 affluitatem
517 1612 581 1660 hanc
592 1611 658 1661 iuter
670 1626 716 1661 uos
726 1613 795 1673 volo,

250 1698 277 1748 Si
288 1699 341 1748 ullo
353 1700 427 1750 modo
439 1706 477 1750 est
489 1708 517 1750 ut
529 1699 622 1764 possit3
640 1701 706 1761 quod
716 1714 788 1763 spero
798 1701 861 1750 iore.

249 1786 298 1836 Sed
311 1785 359 1835 vin'
370 1787 455 1838 adesse
466 1795 507 1838 me
517 1801 577 1849 uua,
589 1789 649 1838 dum
658 1789 731 1838 istam
742 1790 857 1839 convenis
870 1793 880 1839 ἓ

249 1877 297 1927 La.
314 1878 393 1927 Immo
407 1891 463 1927 vero
474 1876 529 1929 abi:
547 1877 655 1941 aliquam
664 1892 741 1941 puero
753 1879 873 1929 nutricem
884 1891 951 1942 para.

482 2296 593 2345 Actus
611 2296 641 2344 v.
682 2298 829 2370 summu

519 2410 648 2458 Bacenis.
681 2411 797 2458 Lucuss.

253 2509 312 2555 Nou
331 2507 378 2555 hoc
395 2507 426 2555 dc
442 2507 564 2570 nihilo’st‚
583 2508 649 2571 quod
668 2510 760 2558 Laches
779 2520 845 2556 nunc
859 2520 899 2555 me
912 2511 1058 2554 conventum

317 2610 370 2645 esse
380 2596 487 2658 expetit:

253 2685 305 2733 Nec
316 2685 358 2747 pol
370 2699 410 2733 me
422 2686 527 2735 multum
539 2685 614 2746 fallit,
634 2684 705 2747 quin,
723 2683 789 2746 quod
808 2682 930 2745 suspicor,
948 2679 981 2730 sit
991 2679 1058 2742 quod

316 2773 383 2822 velit.

252 2863 300 2909 La.
316 2860 455 2910 Videndum
466 2868 514 2922 eat,
526 2875 558 2911 ne
569 2860 650 2909 miuus
661 2866 760 2923 propter
769 2858 831 2907 iram
843 2858 907 2906 hanc
914 2856 1056 2920 impetrem,

317 2962 390 3011 quam
402 2950 506 3012 possiem
518 2972 523 3000 ι

252 3038 304 3085 Aut
314 3051 345 3085 ue
356 3038 414 3100 quid
423 3038 510 3088 faciam
522 3039 588 3102 plus,
608 3038 675 3100 quod
693 3052 733 3086 me
750 3044 806 3101 post
817 3034 900 3086 minus
918 3032 1005 3084 iecisse
1015 3046 1056 3081 sa·

319 3124 366 3173 tius
379 3124 420 3174 sit.
