2459 3800
400 531 511 583 Aenus
524 533 558 583 ll.
590 533 702 586 SCENA
714 534 746 585 11.
925 536 974 583 ule

171 668 236 725 Quid
245 667 379 719 eireddet?
416 672 459 720 Ge.
475 667 653 734 lirimpulieti.
684 672 732 719 Pl.
749 668 895 735 Sienpinor·
928 673 974 720 Ge.

239 758 356 809 Subveni·
391 790 394 797 ·

167 851 213 897 Pl.
231 849 300 900 Cedo
314 863 411 901 senem:
426 852 479 912 jem
498 843 689 902 ineuucteennt
700 850 762 901 mihi
779 850 854 901 corde
867 849 972 904 wneiliu

231 939 323 991 omnin.

168 1030 210 1079 (ie.
227 1028 293 1085 Quid
305 1033 380 1092 egee?
416 1034 464 1083 Pl.
480 1030 547 1087 Quid
557 1030 605 1092 vie,
616 1029 665 1080 niel
679 1036 708 1080 nt
718 1027 969 1091 meneetPirunium3

230 1122 516 1182 atqueexcriminehue
556 1136 558 1144 ⁴

55 1230 57 1237 v
154 1206 329 1283 [Antiphonem
348 1211 470 1274 eripiam
487 1218 560 1274 etque
576 1210 603 1259 in
617 1224 658 1259 me
673 1223 775 1262 curnem
785 1208 848 1258 irem
860 1206 969 1257 derivem

228 1297 294 1345 eenie
306 1300 316 1346 ἓ

84 1394 86 1399 ·
166 1386 208 1435 dc.
226 1385 248 1434 0
268 1387 307 1435 rie
324 1387 480 1450 fortiumque
498 1386 609 1437 emuuel
629 1400 713 1436 rernm
730 1385 780 1435 hoc
795 1398 868 1448 eaepe,
887 1385 968 1433 Phor·

229 1472 289 1535 mio,

164 1564 265 1623 Vereor,
285 1574 317 1613 ne
328 1561 395 1613 letne
414 1562 535 1613 fortitudo
556 1563 583 1613 in
600 1574 704 1613 nervom
722 1567 836 1625 erumpet
852 1560 967 1624 denique.

119 1660 122 1667 ’
229 1653 274 1700 Pl.
290 1651 342 1713 Ah,

162 1740 219 1789 Non
231 1740 265 1791 ite
273 1746 327 1789 este
344 1740 437 1789 iactum
447 1741 646 1803 eetpericulum:
661 1744 715 1803 jum
723 1741 813 1804 mdum
823 1740 910 1789 viea’et
919 1739 967 1788 ria.

163 1829 230 1883 Quot
241 1842 281 1877 me
288 1842 372 1878 ceneee
383 1830 496 1879 homines
503 1833 555 1891 jam
565 1831 735 1880 deverberasse
743 1844 820 1892 usque
827 1829 859 1879 ad
868 1843 965 1889 necem,

163 1918 288 1982 Hospitee,
300 1929 353 1968 tum
363 1919 447 1969 cives?
467 1935 515 1982 quo
527 1921 604 1982 magis
616 1922 684 1982 nori,
695 1928 765 1970 tanto
777 1921 873 1983 sepius.

161 2009 229 2060 Cedo
237 2009 308 2070 dum,
328 2024 359 2058 en
371 2023 479 2072 unquam
491 2009 638 2072 injuriarum
658 2010 747 2060 andieti
767 2010 828 2059 mihi
847 2009 962 2073 scriptam

225 2099 323 2149 dicem?

161 2192 205 2239 Ge.
229 2188 294 2245 Quid
311 2189 393 2238 letne?
427 2192 475 2240 Pl.
499 2187 563 2246 Quia
582 2205 634 2240 non
651 2198 704 2240 rete
721 2189 832 2253 accipitri
851 2189 980 2244 urdine.

223 2293 302 2342 neque
314 2279 403 2340 miluo,

158 2367 208 2422 Qui
218 2369 282 2416 male
292 2366 387 2416 iaciunt
399 2365 470 2416 nobie
482 2387 488 2416 ι
515 2366 566 2416 illis
585 2367 629 2430 qui
640 2367 703 2417 nihil
720 2368 824 2429 iaciunt,
834 2368 958 2418 tenditur:

158 2456 222 2512 Quia
233 2456 336 2506 enimin
347 2456 397 2506 illis
407 2457 501 2506 fruetus
511 2463 559 2516 est,
569 2455 594 2504 in
606 2455 656 2505 illie
667 2470 743 2519 opera
752 2456 854 2505 luditur.

155 2545 218 2596 Aliie
226 2545 327 2594 aliunde
338 2555 376 2594 eet
386 2545 532 2608 periculum,
545 2543 609 2593 unde
621 2544 714 2607 aliquid
724 2545 809 2594 abradi
820 2552 917 2608 potest:

157 2634 222 2685 Mihi
233 2635 315 2686 tciunt
323 2635 387 2685 nihil
397 2649 459 2684 esee.
484 2635 567 2694 Dices,
579 2633 671 2684 ducent
679 2633 824 2684 damnemur
837 2633 938 2684 domum
950 2654 957 2686 e

157 2725 232 2775 Alere
248 2727 338 2775 uolunt
347 2723 474 2774 hominem
486 2723 594 2774 edacem.
627 2725 660 2772 Et
681 2723 779 2788 eupiunt
790 2737 845 2772 mea
860 2723 959 2787 quidem

221 2815 353 2876 sententia,

89 2915 101 2928 ·
156 2895 205 2954 Pro
216 2903 371 2956 maledulcei
381 2903 527 2956 beneficium
539 2917 664 2954 summum
675 2904 765 2952 nolunt
775 2901 885 2950 reddere.

158 2994 200 3044 Ge.
218 2995 276 3048 Ncn
286 3001 366 3058 potent
377 2992 436 3045 satie
447 3007 491 3056 pro
503 2990 591 3042 meritc
599 2992 630 3042 ub
643 2991 688 3041 illo
697 2989 742 3040 tibi
751 2988 840 3039 referri
848 2987 935 3051 gretia.

155 3083 202 3131 Pl.
220 3083 300 3134 luunc
310 3083 377 3134 enim
395 3097 469 3133 nemo
486 3082 545 3132 eutis
564 3096 609 3146 pro
622 3078 711 3131 meritc
727 3078 831 3143 gretiam
842 3077 895 3141 regi
916 3093 957 3128 re-

221 3171 276 3220 lert.
