2459 3800
417 504 530 554 noros
547 503 580 552 11.
613 466 724 555 soant
737 503 769 552 11.
955 505 999 552 nn

191 643 230 693 0b
241 642 370 691 malefacta
380 641 433 690 haec
445 640 565 690 tantidem
578 647 670 690 emtam
682 640 789 704 postulat
801 639 847 688 sibi
858 638 959 690 tradier.

192 729 295 780 Homini
305 731 396 779 misero
408 730 463 793 plns
476 729 624 792 quingentos
638 730 756 793 colaphos
767 729 868 790 infregit
881 729 951 780 mihi.

191 820 281 870 verum
291 819 361 870 enirn
372 818 471 882 quando
482 819 544 867 bene
556 819 703 881 promeruit,
715 819 773 868 fiat:
792 831 864 866 suurn
879 819 921 878 jus
939 832 1000 883 pon*
1016 805 1018 808 ¹

255 909 326 958 tulat.

188 1001 251 1061 Age,
257 1000 310 1059 jam
320 997 404 1060 cupio,
416 997 437 1046 si
449 998 523 1046 modo
535 1006 666 1059 argentum
677 997 769 1047 reddat
787 999 836 1049 Sed
844 1013 890 1061 ego
898 999 946 1048 hoe
955 999 999 1048 ha·

223 1117 235 1132 .
255 1087 349 1138 riolort

190 1176 241 1228 Uni
252 1191 293 1228 me
303 1177 391 1226 dixero
402 1177 461 1226 dare
472 1176 546 1237 tanti,
554 1176 624 1226 testis
637 1176 709 1226 faciet
719 1177 797 1236 illico,

187 1266 332 1316 Vendidisse
344 1281 383 1316 rne
396 1285 402 1316 ι
420 1267 450 1315 de
463 1275 574 1328 argento,
593 1265 732 1315 somnium:
751 1280 820 1327 mox,
839 1267 899 1316 Cras
911 1265 973 1315 redi.

191 1355 220 1404 id
232 1369 329 1418 qnoque
340 1369 442 1418 possum
459 1356 535 1416 ferre,
547 1355 569 1404 si
580 1354 655 1404 modo
666 1354 762 1416 reddat,
774 1369 922 1417 quamquam
933 1354 999 1416 inju-

257 1445 373 1507 rinm'st;
680 1487 684 1494 .
736 1447 739 1453 “

188 1539 280 1587 Verum
291 1535 373 1598 cogito
384 1536 410 1584 id
421 1535 487 1598 qnod
497 1550 537 1585 res
547 1543 601 1586 est:
621 1535 718 1599 qnando
729 1550 786 1585 snm
794 1542 914 1598 questum
929 1548 999 1584 ocoe-

256 1624 331 1688 peris,
568 1674 572 1680 ,
892 1667 893 1670 ,

189 1713 342 1777 Accipiunda
351 1722 377 1763 et
388 1712 541 1763 mussitanda
553 1713 644 1774 injuria
655 1711 892 1762 adolescentinm'st.
999 1737 1001 1743 ·

190 1804 240 1853 Sod
252 1817 326 1853 nemo
336 1802 419 1856 dabit:
438 1803 530 1852 {nana
549 1808 647 1863 egomet
666 1814 763 1850 mecum
780 1801 825 1856 has
836 1799 944 1850 rationes
956 1800 999 1876 de-

255 1897 323 1957 puto.
364 1896 367 1902 '
991 1875 1002 1895 ³

419 2122 531 2172 ACTUS
545 2122 577 2169 ΙΙ.
610 2122 721 2196 8οΕΝΑ
738 2122 770 2170 11.

475 2236 572 2284 Sinus.
605 2234 717 2284 Sannio.

190 2338 273 2397 Tacit,
285 2340 385 2396 egomet
391 2332 594 2394 conveniamjam
606 2331 687 2397 ipsum
699 2352 704 2383 ι
723 2332 808 2397 cupide
816 2334 918 2398 accipiat
928 2334 998 2397 taxo,

255 2433 329 2487 atque
339 2424 414 2473 edam

190 2514 335 2565 Benedicat
346 2528 430 2563 seeum
440 2526 493 2561 esse
504 2519 595 2561 actum.
612 2511 678 2567 Quid
689 2510 763 2573 istuc,
776 2511 922 2573 Sannio‚’st‚
931 2511 997 2575 quod

255 2601 365 2652 teandio

191 2690 282 2741 Nescio
298 2689 358 2753 quid
374 2695 528 2739 concertasse
542 2703 600 2737 cnm
618 2688 699 2737 hero?
735 2690 778 2737 So.
796 2689 928 2749 Nunquam
946 2686 997 2737 vidi

256 2779 364 2842 iniquius
624 2814 626 2819 .

194 2867 360 2919 Certationem
368 2873 546 2931 nonnarum,
558 2881 632 2930 qnam
642 2867 695 2916 hsso
705 2864 779 2915 hodie
790 2864 855 2915 inter
863 2879 908 2914 nos
920 2864 980 2915 fnitr

191 2958 246 3019 Ego
253 2958 403 3021 vapulando,
414 2958 458 3007 ille
467 2958 620 3013 verberando
629 2970 716 3020 usqne,
726 2948 799 3005 anrbo
808 2954 897 3005 defessi
905 2968 999 3008 sumus.

193 3048 235 3109 Sy.
251 3048 398 3109 insculpa
430 3050 475 3097 Sa.
491 3047 558 3102 Quid
567 3046 687 3110 agerem?
722 3048 765 3107 Sy.
776 3042 932 3095 Adolescenti
943 3056 996 3093 mo·

259 3148 312 3190 rem
324 3143 420 3197 gestum
430 3135 548 3199 oportuit
