2459 3800
266 456 314 503 288
484 454 511 503 P.
527 454 694 505 TERENTH·
706 455 849 506 HECYRA.

268 596 409 645 musone
420 598 479 644 est?
514 598 563 645 Bo.
579 596 703 645 Tantum:
721 595 801 645 aderit
818 594 948 657 contintm,
966 587 1069 647 hoenbi

267 716 270 721 -
334 684 525 735 exteaudierit.

270 775 318 825 Sed
335 777 432 824 cessas?
475 777 535 824 Por.
553 774 668 824 Minume
687 774 817 837 equidem:
835 788 893 824 nam
912 776 987 825 hodie
1006 776 1069 825 mihi

334 872 439 927 potestas
448 864 617 913 hautdats'st:

270 954 308 1003 lta
318 953 439 1003 cursando
449 960 521 1015 atque
532 953 680 1002 ambulando
691 960 773 1002 totum
782 952 849 1002 hunc
860 952 966 1002 oonttivi
975 953 1050 1003 diem.

270 1043 318 1090 Bo.
335 1044 458 1096 Quantam
476 1041 554 1091 obtuli
572 1042 677 1091 adventu
688 1056 744 1091 meo
754 1041 865 1091 laetitiam
881 1044 1010 1106 Pamphilo
1020 1043 1067 1092 ho·

334 1130 389 1179 die!

269 1222 337 1275 Quot
345 1218 488 1269 commodas
495 1232 534 1267 res
545 1218 633 1268 attuli!
652 1226 713 1281 quot
719 1223 802 1268 antem
810 1216 891 1267 ademi
901 1221 988 1267 curas!

271 1311 379 1360 Gnatum
400 1309 423 1358 ei
446 1308 560 1368 instituo,
584 1308 628 1370 qui
647 1322 716 1371 poene
737 1309 826 1357 harum
848 1307 971 1371 ipsiusque
995 1322 1071 1372 opera

335 1398 423 1460 periit:

271 1488 393 1547 Uxorem,
412 1500 484 1548 qnam
495 1498 623 1547 nunquam
634 1493 672 1534 est
681 1491 750 1534 ratus
761 1484 862 1547 posthae
880 1497 906 1533 se
917 1483 1069 1546 habituum,

233 1628 234 1631 ,
334 1575 426 1624 reddo=

271 1666 325 1719 Qua
336 1678 363 1713 re
372 1670 497 1727 suspectus
505 1676 550 1711 suo
561 1662 635 1725 patri,
646 1670 672 1711 et
682 1661 802 1725 Phidippo
814 1662 871 1722 fuit,
882 1661 990 1712 exsolvi:

267 1754 317 1803 itte
328 1755 389 1803 adeo
399 1753 438 1803 his
449 1753 521 1801 rebus
532 1751 693 1801 annuinsfuit
703 1750 801 1800 initium
811 1750 973 1800 inveniundis.

271 1844 335 1892 Nam
347 1841 460 1903 memini,
481 1840 570 1890 abhinc
590 1854 688 1891 menses
708 1840 792 1898 decem
814 1840 875 1901 tere,
894 1838 925 1887 ad
944 1853 984 1889 me
1000 1848 1071 1889 noete

332 1933 412 1995 prima

272 2021 410 2080 Confugere
422 2019 579 2068 anhelantem
590 2018 700 2073 domum.
711 2017 765 2066 sine
774 2017 875 2078 comite,
886 2016 937 2066 vini
947 2019 1058 2080 plenum,

271 2107 334 2155 Cum
345 2106 392 2154 hoe
404 2107 513 2154 annulo:
531 2095 635 2155 extimni
645 2105 721 2155 illico.
755 2105 793 2154 Mi
809 2105 948 2168 Pamphile,
959 2105 1071 2167 inquam,

333 2195 431 2254 amabo,

266 2280 500 2336 Quidexanimatus
512 2296 538 2332 es
549 2283 673 2332 obsecro?
703 2289 746 2331 ant
764 2282 830 2331 unde
853 2282 971 2331 annulum
996 2280 1072 2332 istum

335 2377 437 2423 nactus?

271 2461 316 2512 Die
336 2461 405 2511 mihi.
437 2463 483 2512 llle
500 2463 560 2512 alias
578 2477 618 2512 res
629 2475 700 2523 agere
715 2475 741 2511 se
751 2462 883 2511 simulare:
899 2470 1028 2525 postquam
1046 2461 1073 2510 id
1124 2479 1127 2484 ·

335 2550 417 2612 video,

269 2638 360 2688 Nescio
368 2639 426 2701 quit
438 2637 584 2702 suspicarier
596 2636 672 2699 magis
683 2637 745 2700 ooepi
757 2656 764 2684 ε
782 2637 873 2686 instare
884 2645 913 2686 ut
924 2637 996 2687 dicat.

271 2727 354 2776 Homo
365 2740 391 2776 se
402 2726 492 2775 fatetur
503 2726 527 2774 vi
536 2725 562 2772 in
573 2725 611 2774 via
622 2725 705 2774 neseio
717 2740 789 2787 qnam
802 2724 976 2788 compressisse
987 2745 995 2787 3

268 2813 385 2875 ‹Dicitque
397 2813 497 2873 sese·iili
509 2813 639 2873 annulum,
651 2813 710 2861 dum
719 2813 805 2872 instat,
816 2813 960 2861 detraxisse.

271 2901 335 2949 Eum
347 2901 399 2950 haec
407 2900 520 2964 cognovit
530 2900 660 2962 Myrrhina
671 2900 695 2948 in
705 2901 782 2962 digito
792 2900 866 2949 modo
878 2914 918 2949 me
932 2899 1075 2950 habentem.

270 2989 436 3050 Rogat-unde
459 2991 508 3040 sits
538 3003 613 3038 narro
639 2989 725 3038 omnia
751 2991 819 3038 hac:
846 2989 940 3038 inde’st
964 2989 1075 3051 cognitio

336 3077 410 3140 facta,
