2459 3800
389 478 500 527 ACTUS
511 479 542 527 V.
576 479 686 529 SCENA
697 482 741 529 Vi.
925 484 972 531 341

368 786 449 837 θέτε,
481 790 610 839 nummo.
646 794 781 841 Ριιοιιιιιιο.

176 883 199 931 0
216 896 347 944 ιοιιτιιιιιι,
359 898 374 932 o
386 885 446 933 Fors
456 886 566 947 fortuna,
575 887 673 948 quantis
684 888 910 950 commoditatibus,

174 975 254 1027 Quam
263 973 344 1023 subito
353 975 415 1023 hero
423 989 479 1023 meo
490 976 627 1039 Antiphoni
635 992 680 1040 ope
692 987 774 1027 vestra
780 980 847 1028 huno
856 981 977 1029 onerastis

241 1063 322 1113 diem!

174 1153 225 1201 An.
243 1153 366 1207 Quidnam
385 1153 426 1203 hic
442 1155 489 1203 tibi
506 1157 576 1205 volt?
627 1159 671 1206 Ge.
695 1160 796 1219 Nosque
815 1158 906 1207 amicos
924 1161 977 1219 eius

239 1244 392 1292 exonerastis
401 1251 471 1293 metu
483 1248 489 1293 ι

173 1331 222 1379 Sed
232 1345 277 1393 ego
289 1347 355 1380 nunc
367 1334 428 1381 mihi
439 1348 519 1393 cesso,
542 1334 584 1395 qui
598 1348 649 1382 ιιοιι
668 1335 802 1383 humerum
814 1336 881 1383 hunc
901 1350 978 1384 onero

242 1420 331 1482 pallio,
555 1413 556 1419 ¹
617 1411 619 1414 ⁵

175 1510 255 1571 Atque
266 1508 393 1558 hominem
404 1525 507 1573 propero
520 1508 641 1581 immolre,
653 1518 681 1559 ut
692 1512 744 1559 haec
755 1526 809 1573 quae
821 1511 979 1573 contigerint,

244 1596 323 1645 sciat?

180 1684 229 1734 Ao.
246 1686 312 1733 Num
324 1691 351 1733 tu
363 1683 490 1746 intelligis,
508 1685 549 1734 hic
559 1686 619 1747 quid
637 1689 743 1735 narret?
780 1690 826 1735 ΡΙι.
843 1690 910 1737 Νιιιιι
929 1692 978 1738 tu?

243 1774 296 1823 An.
315 1772 393 1821 Nihil.
426 1776 473 1822 ΡΙι.
490 1775 646 1824 Tantundem
658 1790 712 1835 ego.

179 1862 221 1910 Ge.
239 1861 278 1910 Ad
295 1863 410 1912 lenonem
430 1862 488 1912 hinc
508 1863 544 1912 ire
569 1878 684 1927 pergam:
708 1863 743 1914 ibi
753 1877 820 1914 nunc
830 1870 896 1913 sunt.
929 1864 981 1913 An.

245 1952 323 2012 Heus,
341 1953 410 2000 Geta.
446 1954 488 2008 Ge.
501 1953 563 2001 Hem
575 1953 638 2002 tibi!

182 2039 250 2087 Num
262 2039 364 2100 mirum,
377 2047 421 2089 aut
435 2054 525 2088 novom
542 2048 580 2090 εει
598 2040 718 2102 revocari,
736 2055 836 2090 cursum
850 2054 926 2102 quum
943 2039 981 2088 in·

245 2129 376 2179 stitueris?
412 2131 464 2178 Αιι.
483 2131 553 2178 Geta.

182 2219 224 2266 Ge.
242 2213 324 2280 Pei-git
334 2219 434 2268 hercle:
451 2235 575 2282 nunquam
588 2228 614 2269 tu
629 2220 688 2279 ‚odio
702 2228 745 2269 tuo
758 2234 797 2268 me
807 2218 897 2269 vinces.
930 2219 984 2269 Ao.¹

243 2308 416 2355 Nonmanes?

184 2397 226 2444 Ge.
244 2397 347 2458 vapula.
365 2397 417 2446 An.
435 2396 463 2444 ld
471 2396 568 2458 quidem
580 2397 626 2446 tibi
634 2399 686 2458 jam
695 2398 748 2456 fiet,
760 2395 806 2444 nisi
816 2395 919 2456 resistis,
930 2409 985 2442 ver-

246 2486 315 2534 bero.

184 2575 227 2622 00.
245 2573 440 2623 Familiariorem
452 2582 548 2636 oportet
564 2589 618 2623 εεεε
634 2575 712 2634 huno,
733 2573 775 2635 qui
794 2573 921 2622 minitatur
933 2585 985 2620 ma-

249 2663 312 2710 lum.

182 2751 231 2800 Sed
248 2751 301 2800 isne
318 2758 355 2800 est
375 2766 449 2813 quem
466 2767 558 2814 quaero,
577 2753 682 2800 annon?
702 2750 796 2812 ipsu’st.
814 2753 860 2798 ΡΙι.
878 2751 987 2811 Congre-

247 2839 434 2889 dere'aotutum.
469 2842 521 2889 An.
540 2841 606 2895 Quid
619 2842 677 2888 est?

188 2928 231 2976 Ge.
248 2928 271 2978 Ο
283 2928 405 2990 οιιιιιίιιιιι,
426 2937 545 2991 quantum
557 2937 595 2979 εει
614 2929 657 2992 qui
669 2930 760 2988 vivant,
770 2929 848 2977 homo
860 2927 989 2977 hominum

250 3018 413 3067 ornatissume
424 3022 430 3069 ι

186 3105 252 3154 Nam
264 3105 317 3156 sine
327 3109 497 3157 controversia
508 3109 539 3157 ab
550 3109 593 3158 Dis
605 3112 673 3159 solus
682 3109 795 3171 diligere,
808 3107 926 3170 Antipho.
