2459 3800
399 483 511 532 AGTUS
530 483 550 532 l.
584 483 696 533 SCENA
713 485 733 532 l.
948 488 976 536 ll

176 621 240 670 Hluc
252 621 302 670 illae
313 621 446 670 lacrumae!
465 621 518 670 haec
530 621 605 671 illa’st
616 621 800 672 misericordia!
895 633 899 640 ·

121 750 124 758 .
175 715 216 762 So.
234 715 315 767 Quem
326 712 413 773 timeo,
425 727 542 775 quorsum
554 713 659 762 evadas!
695 716 731 763 Si.
748 715 831 763 Funus
842 712 942 763 interim

174 803 304 854 Procedit:
323 804 449 867 sequimur
454 819 465 854 ·:
484 805 517 854 ad
529 805 688 870 sepulchrum
700 806 811 856 venimus
824 828 830 856 ε

175 895 204 942 lu
215 892 297 956 ignem
306 895 434 958 posite’st:
453 895 534 945 detur.
568 898 667 946 Interea
677 896 730 946 haec
741 911 823 960 soror,

175 988 256 1042 Quam
267 986 330 1050 dixi,
342 987 374 1036 ad
384 988 511 1038 dammam
522 988 624 1038 amessit
634 989 814 1053 imprudentius
824 1009 833 1052 ;

174 1077 237 1127 Satis
248 1093 305 1127 cum
315 1077 416 1141 periclo.
450 1078 487 1127 lbi
498 1085 552 1127 trun
562 1077 716 1128 exanimatus
728 1079 872 1143 Pamphilus

175 1168 243 1216 Beue
255 1165 437 1216 dissimulatum
448 1177 559 1217 amorem
571 1176 597 1220 et
608 1147 720 1218 vcelatum
732 1168 833 1219 indicat.

173 1256 302 1307 Accurrit:
320 1257 425 1306 mediam
434 1258 562 1308 mulierem
573 1259 759 1322 complectitur:
816 1237 819 1242 ¹

175 1348 234 1396 Mea
244 1347 396 1410 Glycerium,
407 1347 498 1411 iuquit,
509 1347 568 1411 quid
580 1349 649 1410 agis?
668 1356 747 1397 curte
757 1348 779 1397 is
790 1348 913 1411 perditum
924 1351 934 1398 ἓ
957 1403 960 1408 ,

176 1438 242 1486 'lum
254 1435 309 1498 illa,
321 1443 349 1486 ut
360 1445 507 1486 consuetum
520 1437 594 1486 facile
605 1449 716 1485 amorem
727 1451 851 1497 cernercs,

178 1526 273 1587 Reiecit
283 1540 310 1575 se
322 1525 348 1574 iu
359 1540 418 1587 eum
428 1527 490 1576 deus
504 1539 579 1588 quam
590 1524 755 1574 familiariter.

178 1617 219 1664 So.
237 1615 303 1671 Quid
325 1615 377 1664 ais!
418 1617 455 1664 Si.
472 1615 555 1664 Redeo
575 1613 633 1662 inde
655 1613 743 1689 iratus,
763 1621 835 1676 atque
857 1627 921 1674 aegre
941 1614 979 1662 fe·

237 1718 303 1754 rens.

179 1795 231 1843 Nee
239 1793 300 1861 satis
311 1792 342 1842 ad
354 1792 534 1855 objurgandum
547 1807 636 1843 causae.
663 1792 772 1855 Diceret,

178 1883 244 1940 Quid
255 1883 323 1935 leci?
343 1884 402 1949 quid
412 1884 559 1946 commerui,
571 1891 614 1935 aut
623 1884 733 1949 peccari,
744 1886 834 1949 pater?

179 1977 240 2029 Quae
252 1990 306 2024 sese
316 1975 342 2023 in
352 1975 434 2037 iguem
445 1974 548 2036 injicere
557 1975 647 2036 voluit,
660 1974 789 2038 prohibui,

138 2122 145 2135 ι
178 2064 286 2114 Servari·
313 2067 424 2115 Honesta
432 2064 512 2115 oratio
527 2072 575 2115 est.
610 2069 651 2115 So.
669 2048 744 2115 Recte
754 2074 834 2129 putas.

180 2156 245 2203 Nam
255 2153 276 2203 si
287 2154 358 2203 illum
369 2155 494 2215 objurges,
504 2153 563 2203 vitu
576 2154 622 2215 qui
629 2153 751 2203 auxilium
763 2154 837 2216 tulit3

181 2244 247 2300 Quid
258 2244 332 2294 iacias
343 2243 391 2305 illi,
403 2244 445 2307 qui
452 2243 547 2293 dederit
558 2243 676 2293 damnum
686 2252 730 2293 aut
739 2245 852 2293 malum?

181 2337 217 2383 Si.
233 2333 307 2384 Venit
319 2334 437 2384 Chremes
448 2333 566 2397 postridie
575 2334 606 2383 ad
614 2348 666 2395 me,
678 2334 819 2394 clamitans,

181 2423 311 2485 Indignum
319 2423 432 2473 facinus!
451 2423 609 2486 comperisse,
630 2422 807 2486 Pamphilum·

152 2512 154 2521 ’
181 2516 231 2563 Pro
239 2526 317 2564 uxore
328 2513 493 2563 haberehunc
504 2511 666 2575 peregrinam.
694 2514 747 2573 Ego
755 2512 819 2560 illud
827 2511 913 2561 sedulo

181 2605 277 2666 Negare
289 2603 398 2654 iactum:
418 2604 461 2652 ille
473 2603 550 2653 instat
560 2604 652 2653 factum
666 2621 671 2650 ε
686 2601 790 2663 denique

181 2695 218 2744 lta
227 2700 281 2743 tum
291 2693 391 2743 discedo
403 2694 499 2755 abillo,
516 2700 545 2742 ut
556 2692 599 2756 qui
610 2707 637 2742 se
648 2692 725 2741 filiam

181 2784 260 2845 Neget
278 2782 401 2833 demtum.
443 2786 484 2833 So.
502 2783 560 2833 Non
576 2790 603 2831 tu
619 2781 653 2830 ihi
671 2783 794 2843 gnatum?
826 2782 866 2831 Si.
884 2781 923 2829 Ne
933 2779 985 2828 haec

246 2872 344 2936 quidem

183 2962 246 3013 Satis
259 2962 390 3012 vehemens
411 2976 484 3013 causa
500 2961 530 3011 ad
549 2960 736 3024 objurgandum.
772 2961 812 3009 So.
830 2957 890 3021 Qui,
900 2958 982 3007 cedo?
1039 3013 1043 3021 Ι

183 3055 218 3101 st.
234 3054 299 3103 Tute
309 3052 362 3116 ipse
372 3052 412 3102 his
422 3055 496 3102 rebus
507 3054 582 3101 linem
593 3048 754 3115 praescripsti,
763 3055 841 3112 pater.

184 3144 262 3207 Prope
274 3142 353 3206 adest,
365 3160 440 3207 quum
451 3144 532 3195 alieno
541 3157 611 3193 more
622 3140 753 3192 vivendum
764 3117 863 3189 esimih
913 3204 916 3207 ⁴
955 3140 962 3151 ‘
