2459 3800
244 501 275 551 66
305 562 311 574 .
434 503 462 551 P.
478 499 643 551 TERENTII
660 502 859 554 EUNUCHUS.

241 639 347 689 Ratione
355 647 422 698 certa
433 641 523 702 facere,
534 640 614 689 nihilo
626 640 680 703 plus
691 653 759 701 agas,

241 731 323 784 Quam
334 728 355 777 si
364 728 406 778 des
418 743 529 792 operam,
539 736 568 778 ut
578 743 635 777 cnm
645 728 743 776 ratione
753 726 870 776 insanias

239 818 272 867 Et
282 817 347 880 quod
358 831 423 866 nunc
433 824 485 866 tute
497 824 576 866 tecum
591 817 667 867 iratus
678 817 781 878 cogitas,

240 908 325 968 Egone
346 906 436 955 illam?
462 921 516 969 qnae
535 906 628 955 illum?
658 920 712 968 qnae
732 907 793 954 me?
820 919 874 967 qnae
894 907 961 954 non?
990 904 1044 954 sine

303 995 389 1056 modo,

238 1081 306 1130 Mori
317 1097 357 1130 me
368 1081 467 1131 malim:
486 1081 574 1131 sentiet
584 1082 626 1144 qui
638 1081 675 1131 vir
685 1081 756 1131 siem.

238 1173 298 1222 Haec
308 1173 391 1232 verba,
402 1186 451 1222 una
462 1173 584 1233 mehercle
595 1173 658 1220 falsa
669 1172 814 1235 lacrymula,

239 1261 331 1320 Quam,
342 1261 428 1310 oculos
439 1259 551 1320 terendo,
563 1259 654 1308 misera
663 1260 705 1308 vix
716 1260 740 1308 vi
750 1259 910 1323 expresserit,

236 1349 397 1412 Restiuguet:
419 1359 444 1399 ct
453 1359 480 1400 te
490 1353 557 1400 ultro
569 1349 708 1402 accusabit:
727 1358 753 1400 et
762 1350 831 1400 dabis
843 1350 867 1400 ei

237 1441 312 1491 Ultro
324 1441 478 1505 supplicium.
512 1444 558 1490 Pa.
576 1441 598 1491 0
611 1441 739 1502 indignum
750 1439 860 1489 facinus!
879 1453 945 1488 nnnc
955 1453 1001 1500 ego

236 1533 269 1580 Et
278 1532 347 1580 illam
359 1533 489 1582 scelestam
499 1547 563 1592 esse,
575 1539 600 1580 et
611 1545 652 1580 me
665 1531 784 1579 miserum
794 1530 891 1580 sentior

234 1622 267 1670 Et
278 1621 367 1671 taedet:
387 1630 412 1670 et
424 1636 508 1670 amore
519 1621 608 1670 arduo:
626 1628 652 1669 et
662 1620 779 1683 prudens,
791 1619 881 1679 sciens,

233 1709 320 1770 vivus,
332 1703 464 1770 vidensque
476 1724 564 1774 pereo:
582 1723 638 1769 nec,
650 1708 708 1770 quid
718 1721 798 1770 agam,
809 1707 869 1756 scio.
916 1743 922 1754 .

218 1795 221 1802 '
234 1798 295 1845 Par.
313 1796 380 1858 Quid
391 1800 467 1859 agas?
487 1797 535 1844 nisi
546 1804 574 1845 ut
584 1805 609 1844 te
620 1796 726 1846 redimas
736 1804 834 1859 captum
845 1811 919 1858 qnam
930 1809 1005 1860 queas

236 1884 358 1936 Minimo:
378 1885 398 1935 si
408 1900 513 1948 nequeas
526 1886 638 1949 paululo,
650 1893 676 1935 at
687 1884 772 1947 quanti
782 1898 856 1950 queas
867 1907 873 1937 ι

231 1976 297 2023 Etne
307 1983 332 2023 te
344 1958 451 2024 afflicter,
495 1977 541 2023 Pt.
558 1976 627 2027 ltane
639 1974 748 2023 suades?
785 1977 845 2026 Pur.
862 1974 889 2025 Si
901 1974 983 2038 sapin

231 2065 328 2125 Neque,
340 2062 501 2127 praete'rquam
514 2076 573 2123 quas
585 2063 636 2126 ipae
647 2076 718 2110 amor
729 2063 854 2114 molestias

231 2152 322 2211 Habet,
334 2151 425 2200 addas:
445 2159 469 2215 et
481 2152 545 2217 ilias,
557 2166 617 2214 quas
628 2151 712 2211 habet,
721 2159 787 2201 recte
799 2152 872 2203 ieras.

229 2240 279 2291 Sed
289 2254 347 2289 ecca
358 2222 553 2305 ipsa'egreditur,
565 2240 643 2289 nostri
655 2238 726 2289 fundi
736 2240 872 2289 calamitas.

228 2330 293 2377 Nam
305 2328 371 2391 quod
380 2343 427 2401 nos
438 2343 524 2392 capere
535 2337 640 2393 oportet,
650 2331 703 2380 haec
713 2329 845 2395 intercipit.

379 2544 425 2571 ³
450 2527 562 2615 nouus
581 2568 600 2614 1.
643 2566 753 2616 sonna
770 2566 803 2617 11.

393 2680 496 2744 Trans.
530 2682 677 2750 *Pnnnnraf
711 2684 850 2730 Parnaso.

224 2781 350 2830 Muranum
363 2782 418 2827 me!
437 2792 523 2827 vereor
538 2794 569 2827 ne
580 2779 643 2829 iilud
654 2779 750 2841 gravius
762 2780 875 2829 Phaedria

220 2867 327 2929 Tulerit,
339 2848 400 2945 neve
411 2868 542 2929 aliorsum,
553 2875 626 2931 atque
636 2883 681 2931 ego
693 2870 749 2931 ieci,
761 2872 891 2935 acceperit,

218 2957 291 3013 Quod
301 2957 355 3007 heri
367 2957 523 3029 intromissus
533 2972 584 3007 non
596 2967 641 3009 est.
675 2963 722 3009 Pt.
738 2964 828 3023 Totus,
841 2966 973 3027 Parmeno,

220 3048 323 3105 Tremo,
348 3047 498 3111 horreoque,
516 3054 643 3110 postquam
662 3049 747 3113 aspexi
768 3050 840 3102 hanc.
873 3056 933 3104 Por.
949 3057 1022 3107 Bono

286 3148 421 3189 annnocsr
