2459 3800
406 440 516 491 Ac'rUs
535 442 577 489 lv.
604 440 724 493 §CENA
742 441 762 488 i.
934 437 984 488 273

189 578 309 641 Partum3
326 576 461 640 prasertim
477 592 552 640 quum
570 585 596 627 et
612 584 688 638 rente,
710 585 735 627 et
754 584 864 640 tempore
882 588 927 624 ano
942 587 987 636 pe-

253 665 353 728 pererit.

187 754 283 803 Adeon’
294 754 414 818 pervicaci
433 768 486 805 anae
497 755 592 817 animo,
610 763 639 805 ut
654 768 760 819 puerum
780 759 928 817 praeoptares
944 762 988 813 pe·

250 842 310 904 rire,

189 933 228 981 Ex
239 945 288 995 qno
299 932 433 1001 sirmiam
445 933 510 985 inter
520 948 566 985 noa
575 936 629 985 iore
639 933 773 985 amicitiam
784 931 886 996 posthac
896 929 989 979 scirem

189 1020 274 1071 Potina
285 1036 360 1084 quam
376 1022 509 1073 advorsum
519 1023 596 1079 animi
608 1024 645 1073 tni
653 1022 790 1074 lubidinem
802 1027 868 1071 amet
875 1033 932 1069 cum
943 1018 989 1067 illo

246 1113 348 1174 nupta?

190 1200 244 1261 Ego
255 1200 330 1249 etiam
348 1200 448 1250 iliorum
467 1214 521 1251 eaaa
536 1200 600 1250 hanc
619 1202 718 1263 culpam
734 1198 839 1260 credidi,
856 1211 909 1261 qnae
919 1204 944 1245 te
954 1204 993 1245 eat

257 1302 340 1351 penes.

194 1378 248 1438 Mn.
264 1376 357 1425 Misera
368 1390 423 1425 aum
434 1380 441 1425 i
475 1378 522 1425 Ph.
539 1376 643 1427 Utinam
653 1376 729 1425 sciam
745 1376 781 1424 ita
790 1388 843 1424 ease
853 1373 916 1424 istnc
926 1377 932 1422 i
951 1372 994 1421 sed

261 1479 327 1514 nunc
340 1464 402 1513 mihi
412 1465 439 1515 in
451 1473 560 1515 mentem
568 1465 645 1526 venit,

195 1554 235 1602 Ex
253 1553 348 1613 haere,
359 1551 426 1615 qnod
437 1553 520 1601 locuta
531 1567 557 1602 ea
569 1552 641 1613 oiim,
652 1567 729 1614 qnam
740 1552 812 1602 illum
823 1565 941 1613 generum
952 1564 994 1600 ce·

259 1640 354 1703 pimus:

196 1733 260 1781 Nam
272 1734 375 1793 negabas
386 1740 486 1795 nuptam
499 1745 568 1795 posse
579 1731 656 1781 filiam
665 1738 732 1780 tuam
742 1737 766 1779 te
777 1730 828 1793 pati

199 1821 263 1870 Cum
273 1834 313 1881 eo,
324 1819 367 1882 qui
377 1818 531 1869 meretricem
541 1826 647 1881 amaret,
658 1820 701 1883 qui
711 1824 868 1882 pernoctaret
879 1817 948 1867 ioris.

198 1910 251 1971 My.
268 1907 385 1965 Quamvis
395 1922 494 1958 causam
512 1909 578 1960 hunc
590 1908 718 1973 suspicari,
729 1920 803 1971 qnam
814 1906 892 1970 ipsam
903 1919 998 1969 veram,

264 2000 369 2048 mavolo.
422 2043 426 2050 ,
797 2055 800 2061 1

200 2088 246 2135 Pt.
264 2088 345 2136 Multo
361 2086 429 2151 priua
448 2086 517 2149 scivi,
539 2103 612 2152 quam
633 2096 671 2150 tu,
690 2088 760 2138 iilum
772 2089 876 2140 amicam
896 2090 997 2151 habere,

266 2177 413 2240 Myrrhina:

200 2263 293 2314 Verum
301 2263 327 2313 id
337 2264 423 2314 vitium
434 2279 560 2327 uunquam
571 2265 669 2316 decrevi
677 2281 731 2319 eaae
741 2281 787 2328 ego
797 2267 983 2318 adolescentia:

204 2353 268 2401 Nam
280 2353 305 2402 id
317 2352 430 2404 omnibus
439 2354 598 2419 innatum'at:
617 2362 644 2404 at
653 2356 695 2418 pol
704 2356 758 2414 jam
769 2355 858 2417 aderit,
869 2369 1001 2418 aequoque

269 2441 343 2491 etiam
354 2457 431 2504 quum
442 2439 529 2492 nderit.

206 2529 256 2579 Sed
272 2537 299 2579 nt
309 2530 370 2578 oiim
388 2538 413 2580 te
425 2530 563 2592 ostendisti,
580 2530 666 2586 eadem
678 2544 741 2592 eane,
754 2530 817 2581 nihii
827 2531 952 2582 cessavisti
961 2546 1004 2583 nt·

273 2632 319 2680 que
331 2618 421 2679 adhuc,
532 2675 535 2680 ,

210 2707 246 2758 Ut
256 2707 333 2756 tiliam
349 2709 380 2757 ab
390 2721 422 2757 eo
433 2706 581 2772 abduceres;
599 2723 659 2769 neu,
676 2708 742 2772 qnod
757 2724 802 2771 ego
819 2709 931 2772 egissem,
942 2718 1007 2760 attat

272 2805 370 2849 ratum:

211 2885 240 2934 ld
251 2901 315 2936 nunc
325 2901 365 2936 rea
375 2853 494 2936 indicium
505 2886 557 2935 haec
569 2885 638 2946 iacit,
650 2900 699 2948 qno
709 2893 781 2948 pacto
790 2886 882 2936 nomm
892 2884 1007 2936 voluerit.

212 2975 265 3034 My.
282 2975 375 3024 Adeon’
389 2989 427 3024 me
438 2989 491 3024 esse
502 2973 652 3038 pervicacem
663 2988 757 3036 censet,
769 2973 809 3024 eni
820 2974 982 3036 manniam,

598 3075 616 3111 τ
