2459 3800
248 478 296 528 178
329 481 357 530 P.
371 476 532 528 TERENTll
551 476 985 528 HEAUTONTIMORUMENOS.

246 624 290 671 (lh.
307 621 404 683 Pergin'
423 621 513 678 mulier
531 621 616 671 odiosa
631 624 703 672 enee?
722 623 850 671 nullamne
870 632 915 686 ego
934 635 986 670 rem
1003 636 1052 670 un·

308 724 381 773 qnam
392 711 418 758 in
430 711 480 759 vita
492 725 547 759 men

243 798 329 859 Volui,
339 799 398 860 quin
410 806 438 847 tu
449 797 476 847 in
487 812 518 846 en
528 813 556 846 re
561 798 630 846 'mihi
642 798 717 848 fuerin
729 798 893 859 advorsatrix‚
906 800 1016 848 Sostrata
1027 800 1036 845 l

241 888 277 935 Αι
286 887 308 936 ni
318 887 421 948 rogitem
429 889 493 947 jam,
505 887 564 948 quid
575 895 614 936 est
625 887 690 949 quod
708 901 818 950 peccem,
830 895 873 935 aut
888 887 1047 948 quamobrem

305 976 353 1024 hoc
363 975 464 1035 ladem,
478 975 573 1024 nescius
584 996 590 1024 ε

239 1065 272 1111 ln
290 1077 339 1125 qun
357 1078 384 1111 re
401 1076 468 1113 nunc
485 1070 535 1112 tem
547 1064 700 1114 nonlidenter
712 1073 799 1126 renuas,
811 1065 904 1114 stulta?
940 1067 981 1114 So.
998 1066 1050 1126 Ego

309 1153 410 1202 nennio?
716 1201 720 1208 ,

243 1243 286 1291 Ch.
304 1237 384 1291 lmmo
395 1241 454 1302 eois,
473 1242 556 1304 potius
574 1257 648 1304 quam
668 1243 768 1305 quidem
788 1242 913 1292 redented
924 1243 1047 1304 integrum

303 1326 556 1381 'haecendennorntio
695 1387 697 1394 y

242 1406 283 1469 So.
300 1419 353 1480 Oh,
363 1413 506 1481 iniqnoe'es,
517 1419 560 1481 qui
572 1433 612 1467 me
623 1426 703 1470 meere
716 1420 746 1468 de
757 1434 784 1470 re
794 1427 864 1469 tanta
874 1422 990 1483 postules.

245 1510 289 1556 Gla.
307 1511 365 1557 Non
376 1511 488 1576 postulo:
504 1511 557 1569 jam
569 1509 687 1571 loquere:
706 1508 786 1557 nihilo
802 1510 884 1558 minue
895 1510 940 1571 ego
951 1511 998 1566 hoc
1010 1511 1047 1559 la·
1066 1527 1069 1533 ·

306 1596 370 1645 ciam
380 1596 473 1645 tumen.

243 1688 283 1735 So.
300 1686 402 1736 l'neies?
440 1689 484 1738 Ch.
500 1689 602 1736 Verum.
635 1688 675 1736 So.
693 1687 752 1736 Non
769 1686 836 1736 vides
853 1693 972 1749 qnantum
989 1687 1049 1735 mali

291 1776 338 1824 *ex
349 1789 379 1824 na
390 1790 417 1824 re
428 1776 541 1824 excites?

243 1861 373 1911 Subditum
391 1877 419 1911 ne
439 1862 583 1926 suspicatur.
627 1851 671 1913 0112
688 1861 836 1914 Subditum!
855 1861 905 1911 nin·
922 1865 971 1913 tu?
1007 1866 1048 1913 So.

308 1954 381 2001 Certe
392 1952 504 2015 inquam,
515 1954 551 2001 mi
561 1955 607 2003 vir.

242 2041 286 2089 Ol.
304 2041 428 2090 Confitere
438 2049 509 2090 tuum
521 2057 571 2092 non
582 2056 644 2091 esse.
685 2045 724 2091 So.
741 2044 795 2091 Au!
814 2043 917 2091 obsecro
927 2050 962 2103 te,
976 2042 1042 2091 istud

304 2127 412 2176 inimicis
423 2129 476 2179 siet.

239 2215 317 2277 ligon’
328 2217 447 2265 confitear
458 2231 542 2267 meum
552 2234 602 2267 non
613 2234 666 2269 esse
677 2217 767 2279 filium,
779 2219 821 2281 qni
830 2218 862 2267 sit
873 2234 942 2269 meus
953 2221 963 2267 ἓ

240 2306 285 2353 cl.
301 2305 387 2359 Quid?
411 2307 500 2356 metuis
515 2322 547 2357 ne
568 2322 630 2369 non,
651 2322 727 2369 quum
750 2306 821 2367 velis,
844 2306 981 2359 convincas,
993 2319 1065 2355 esne·

305 2394 377 2441 illum
386 2401 458 2443 tunm
468 2397 477 2443 ἓ

240 2485 280 2533 So.
298 2484 372 2539 Quod
390 2485 442 2533 filie
458 2494 496 2535 est
514 2486 631 2535 inventa?
669 2487 713 2535 011.
731 2488 808 2536 Νοηι
827 2486 870 2535 sed
887 2486 953 2548 quod
969 2484 1046 2547 snagin

305 2573 454 2622 credendum
466 2575 522 2635 niet,
803 2598 806 2603 ·

240 2663 268 2712 ld
280 2663 346 2725 quon
357 2670 396 2712 est
405 2664 543 2713 consimilis
558 2665 679 2724 moribus,

240 2751 379 2803 convinces
390 2754 462 2802 facile
473 2770 504 2802 ex
517 2763 541 2803 te
552 2763 653 2803 natum:
671 2768 729 2801 nem
741 2753 777 2801 tui
786 2752 875 2801 similis
887 2759 925 2801 est
936 2752 1028 2814 probe:

242 2843 308 2890 Nam
320 2841 358 2889 illi
370 2842 406 2890 nil
416 2842 469 2891 vitii
480 2853 519 2891 est
531 2844 655 2905 relictum,
667 2842 726 2905 quin
739 2842 770 2892 sit
779 2850 804 2891 et
816 2843 881 2891 idem
893 2839 946 2892 tibi.
968 2884 970 2891 .

240 2932 306 2977 'lum
317 2938 436 2992 preterea
446 2933 532 2992 talem,
545 2932 592 2981 nini
600 2940 638 2992 tu,
648 2934 717 2981 nulla
728 2940 825 2995 pareret
835 2931 923 2980 filium.

243 3008 292 3067 Sed
303 3019 354 3083 ipse
365 3021 502 3082 egrenlnn:
519 3036 593 3085 qnam
604 3036 702 3071 severus
713 3025 719 3071 l
739 3036 802 3083 rem,
815 3036 872 3071 cum
883 3015 976 3080 vide'an,
986 3031 1045 3067 cen·

304 3122 368 3160 8088.
