<?xml version="1.0" encoding="UTF-8"?>
<!DOCTYPE html PUBLIC "-//W3C//DTD XHTML 1.0 Transitional//EN"
    "http://www.w3.org/TR/xhtml1/DTD/xhtml1-transitional.dtd">
<html xmlns="http://www.w3.org/1999/xhtml" xml:lang="en" lang="en">
 <head>
  <title>
</title>
<meta http-equiv="Content-Type" content="text/html;charset=utf-8" />
  <meta name='ocr-system' content='tesseract 3.04.00' />
  <meta name='ocr-capabilities' content='ocr_page ocr_carea ocr_par ocr_line ocrx_word'/>
</head>
<body>
  <div class='ocr_page' id='page_1' title='image "./comoediaesexadf00zeungoog_0090.png"; bbox 0 0 2459 3800; ppageno 0'>
   <div class='ocr_carea' id='block_1_1' title="bbox 412 485 998 536">
    <p class='ocr_par' dir='ltr' id='par_1_1' title="bbox 412 485 998 536">
     <span class='ocr_line' id='line_1_1' title="bbox 412 485 998 536; baseline 0 -2"><span class='ocrx_word' id='word_1_1' title='bbox 412 485 524 536; x_wconf 79' lang='lat' dir='ltr'><strong>Ac&#39;rus</strong></span> <span class='ocrx_word' id='word_1_2' title='bbox 535 485 575 536; x_wconf 85' lang='lat' dir='ltr'><strong>ll.</strong></span> <span class='ocrx_word' id='word_1_3' title='bbox 608 485 719 535; x_wconf 76' lang='lat' dir='ltr'>SCENA</span> <span class='ocrx_word' id='word_1_4' title='bbox 736 487 782 535; x_wconf 86' lang='lat'>111.</span> <span class='ocrx_word' id='word_1_5' title='bbox 968 487 998 534; x_wconf 80' lang='lat'><strong>81</strong></span> 
     </span>
    </p>
   </div>
   <div class='ocr_carea' id='block_1_2' title="bbox 197 622 1005 2829">
    <p class='ocr_par' dir='ltr' id='par_1_2' title="bbox 197 622 971 686">
     <span class='ocr_line' id='line_1_2' title="bbox 197 622 971 686; baseline -0.001 -13"><span class='ocrx_word' id='word_1_6' title='bbox 197 625 240 673; x_wconf 76' lang='lat' dir='ltr'><strong>Ch.</strong></span> <span class='ocrx_word' id='word_1_7' title='bbox 257 622 327 672; x_wconf 83' lang='lat' dir='ltr'><strong>Dixti</strong></span> <span class='ocrx_word' id='word_1_8' title='bbox 335 623 437 686; x_wconf 81' lang='lat' dir='ltr'><strong>pulchre</strong></span> <span class='ocrx_word' id='word_1_9' title='bbox 449 643 455 672; x_wconf 73' lang='grc' dir='ltr'><strong>ε</strong></span> <span class='ocrx_word' id='word_1_10' title='bbox 474 637 599 686; x_wconf 80' lang='lat' dir='ltr'><strong>nunquam</strong></span> <span class='ocrx_word' id='word_1_11' title='bbox 610 623 660 673; x_wconf 83' lang='lat' dir='ltr'><strong>vidi</strong></span> <span class='ocrx_word' id='word_1_12' title='bbox 665 623 755 674; x_wconf 82' lang='lat' dir='ltr'><strong>melius</strong></span> <span class='ocrx_word' id='word_1_13' title='bbox 766 625 898 673; x_wconf 86' lang='lat' dir='ltr'><strong>consilium</strong></span> <span class='ocrx_word' id='word_1_14' title='bbox 907 624 971 673; x_wconf 76' lang='lat' dir='ltr'><strong>duri.</strong></span> 
     </span>
    </p>

    <p class='ocr_par' dir='ltr' id='par_1_3' title="bbox 197 713 1000 866">
     <span class='ocr_line' id='line_1_3' title="bbox 197 713 1000 778; baseline 0.001 -17"><span class='ocrx_word' id='word_1_15' title='bbox 197 713 261 774; x_wconf 80' lang='lat' dir='ltr'><strong>Age,</strong></span> <span class='ocrx_word' id='word_1_16' title='bbox 283 727 367 762; x_wconf 80' lang='lat' dir='ltr'><strong>eamus</strong></span> <span class='ocrx_word' id='word_1_17' title='bbox 389 713 475 763; x_wconf 84' lang='lat' dir='ltr'><strong>intro:</strong></span> <span class='ocrx_word' id='word_1_18' title='bbox 494 729 559 764; x_wconf 87' lang='lat' dir='ltr'><strong>nunc</strong></span> <span class='ocrx_word' id='word_1_19' title='bbox 579 716 633 775; x_wconf 82' lang='lat' dir='ltr'><strong>jam</strong></span> <span class='ocrx_word' id='word_1_20' title='bbox 659 729 723 763; x_wconf 78' lang='lat' dir='ltr'><strong>orne</strong></span> <span class='ocrx_word' id='word_1_21' title='bbox 738 729 801 778; x_wconf 88' lang='lat' dir='ltr'><strong>me;</strong></span> <span class='ocrx_word' id='word_1_22' title='bbox 829 714 919 775; x_wconf 82' lang='lat' dir='ltr'><strong>abduc,</strong></span> <span class='ocrx_word' id='word_1_23' title='bbox 943 713 1000 774; x_wconf 89' lang='lat' dir='ltr'><strong>duc,</strong></span> 
     </span>
     <span class='ocr_line' id='line_1_4' title="bbox 264 810 473 866; baseline 0.01 -16"><span class='ocrx_word' id='word_1_24' title='bbox 264 810 382 864; x_wconf 84' lang='lat' dir='ltr'><strong>quantum</strong></span> <span class='ocrx_word' id='word_1_25' title='bbox 394 810 473 866; x_wconf 73' lang='lat' dir='ltr'><strong>poten.</strong></span> 
     </span>
    </p>

    <p class='ocr_par' dir='ltr' id='par_1_4' title="bbox 197 890 1002 1042">
     <span class='ocr_line' id='line_1_5' title="bbox 197 890 1002 954; baseline 0.001 -16"><span class='ocrx_word' id='word_1_26' title='bbox 197 892 258 938; x_wconf 86' lang='lat' dir='ltr'><strong>Par.</strong></span> <span class='ocrx_word' id='word_1_27' title='bbox 281 890 347 944; x_wconf 83' lang='lat' dir='ltr'><strong>Quid</strong></span> <span class='ocrx_word' id='word_1_28' title='bbox 363 891 435 953; x_wconf 77' lang='lat' dir='ltr'><strong>agis?</strong></span> <span class='ocrx_word' id='word_1_29' title='bbox 467 892 568 952; x_wconf 80' lang='lat' dir='ltr'><strong>jocabar</strong></span> <span class='ocrx_word' id='word_1_30' title='bbox 589 890 712 954; x_wconf 84' lang='lat' dir='ltr'><strong>equidem.</strong></span> <span class='ocrx_word' id='word_1_31' title='bbox 748 892 791 940; x_wconf 72' lang='lat' dir='ltr'><strong>Gt.</strong></span> <span class='ocrx_word' id='word_1_32' title='bbox 814 891 908 943; x_wconf 81' lang='lat' dir='ltr'><strong>Garris·</strong></span> <span class='ocrx_word' id='word_1_33' title='bbox 941 895 1002 941; x_wconf 84' lang='lat' dir='ltr'><strong>Par.</strong></span> 
     </span>
     <span class='ocr_line' id='line_1_6' title="bbox 267 979 625 1042; baseline 0 -14"><span class='ocrx_word' id='word_1_34' title='bbox 267 979 343 1040; x_wconf 88' lang='lat' dir='ltr'><strong>Perii,</strong></span> <span class='ocrx_word' id='word_1_35' title='bbox 356 980 415 1042; x_wconf 86' lang='lat' dir='ltr'><strong>quid</strong></span> <span class='ocrx_word' id='word_1_36' title='bbox 426 995 472 1042; x_wconf 78' lang='lat' dir='ltr'><strong>ego</strong></span> <span class='ocrx_word' id='word_1_37' title='bbox 483 979 521 1042; x_wconf 82' lang='lat' dir='ltr'><strong>egi</strong></span> <span class='ocrx_word' id='word_1_38' title='bbox 532 979 625 1029; x_wconf 85' lang='lat' dir='ltr'><strong>miser?</strong></span> 
     </span>
    </p>

    <p class='ocr_par' dir='ltr' id='par_1_5' title="bbox 197 1067 1001 1206">
     <span class='ocr_line' id='line_1_7' title="bbox 197 1067 1001 1132; baseline 0 -16"><span class='ocrx_word' id='word_1_39' title='bbox 197 1069 254 1122; x_wconf 82' lang='lat' dir='ltr'><strong>Quo</strong></span> <span class='ocrx_word' id='word_1_40' title='bbox 276 1067 370 1117; x_wconf 81' lang='lat' dir='ltr'><strong>trudis?</strong></span> <span class='ocrx_word' id='word_1_41' title='bbox 388 1068 523 1132; x_wconf 86' lang='lat' dir='ltr'><strong>perculeris</strong></span> <span class='ocrx_word' id='word_1_42' title='bbox 543 1071 595 1130; x_wconf 81' lang='lat' dir='ltr'><strong>jem</strong></span> <span class='ocrx_word' id='word_1_43' title='bbox 615 1076 645 1118; x_wconf 86' lang='lat' dir='ltr'><strong>tu</strong></span> <span class='ocrx_word' id='word_1_44' title='bbox 665 1083 722 1118; x_wconf 84' lang='lat' dir='ltr'><strong>me:</strong></span> <span class='ocrx_word' id='word_1_45' title='bbox 737 1069 782 1118; x_wconf 89' lang='lat' dir='ltr'><strong>tibi</strong></span> <span class='ocrx_word' id='word_1_46' title='bbox 803 1068 917 1132; x_wconf 82' lang='lat' dir='ltr'><strong>equidem</strong></span> <span class='ocrx_word' id='word_1_47' title='bbox 933 1067 1001 1129; x_wconf 89' lang='lat' dir='ltr'><strong>dico,</strong></span> 
     </span>
     <span class='ocr_line' id='line_1_8' title="bbox 264 1169 344 1206; baseline 0 -1"><span class='ocrx_word' id='word_1_48' title='bbox 264 1169 344 1206; x_wconf 78' lang='lat' dir='ltr'><strong>mune.</strong></span> 
     </span>
    </p>

    <p class='ocr_par' dir='ltr' id='par_1_6' title="bbox 197 1249 1001 1389">
     <span class='ocr_line' id='line_1_9' title="bbox 197 1249 1001 1312; baseline 0.002 -14"><span class='ocrx_word' id='word_1_49' title='bbox 197 1251 240 1298; x_wconf 71' lang='lat' dir='ltr'><strong>Gla.</strong></span> <span class='ocrx_word' id='word_1_50' title='bbox 258 1251 357 1299; x_wconf 85' lang='lat' dir='ltr'><strong>Eamus.</strong></span> <span class='ocrx_word' id='word_1_51' title='bbox 389 1252 450 1298; x_wconf 81' lang='lat' dir='ltr'><strong>Par·</strong></span> <span class='ocrx_word' id='word_1_52' title='bbox 468 1249 591 1312; x_wconf 77' lang='lat' dir='ltr'><strong>Pergin&#39;?</strong></span> <span class='ocrx_word' id='word_1_53' title='bbox 630 1251 673 1300; x_wconf 74' lang='lat' dir='ltr'><strong>Gt.</strong></span> <span class='ocrx_word' id='word_1_54' title='bbox 690 1252 832 1302; x_wconf 77' lang='lat' dir='ltr'><strong>Certum&#39;st</strong></span> <span class='ocrx_word' id='word_1_55' title='bbox 862 1255 922 1302; x_wconf 82' lang='lat' dir='ltr'><strong>Par·</strong></span> <span class='ocrx_word' id='word_1_56' title='bbox 938 1251 1001 1301; x_wconf 75' lang='lat' dir='ltr'><strong>Vide</strong></span> 
     </span>
     <span class='ocr_line' id='line_1_10' title="bbox 271 1338 739 1389; baseline -0.004 -2"><span class='ocrx_word' id='word_1_57' title='bbox 271 1353 303 1388; x_wconf 88' lang='lat' dir='ltr'><strong>ne</strong></span> <span class='ocrx_word' id='word_1_58' title='bbox 313 1338 419 1388; x_wconf 85' lang='lat' dir='ltr'><strong>nimium</strong></span> <span class='ocrx_word' id='word_1_59' title='bbox 430 1339 539 1388; x_wconf 85' lang='lat' dir='ltr'><strong>calidum</strong></span> <span class='ocrx_word' id='word_1_60' title='bbox 551 1340 599 1388; x_wconf 89' lang='lat' dir='ltr'><strong>hoc</strong></span> <span class='ocrx_word' id='word_1_61' title='bbox 611 1340 645 1389; x_wconf 80' lang='lat' dir='ltr'><strong>sit</strong></span> <span class='ocrx_word' id='word_1_62' title='bbox 655 1341 739 1389; x_wconf 82' lang='lat' dir='ltr'><strong>modo.</strong></span> 
     </span>
    </p>

    <p class='ocr_par' dir='ltr' id='par_1_7' title="bbox 200 1427 1001 1567">
     <span class='ocr_line' id='line_1_11' title="bbox 200 1427 1001 1491; baseline 0 -15"><span class='ocrx_word' id='word_1_63' title='bbox 200 1429 243 1477; x_wconf 75' lang='lat' dir='ltr'><strong>Gt.</strong></span> <span class='ocrx_word' id='word_1_64' title='bbox 261 1430 319 1478; x_wconf 88' lang='lat' dir='ltr'><strong>Non</strong></span> <span class='ocrx_word' id='word_1_65' title='bbox 332 1427 513 1491; x_wconf 72' lang='lat' dir='ltr'><strong>estprofector</strong></span> <span class='ocrx_word' id='word_1_66' title='bbox 531 1428 592 1477; x_wconf 85' lang='lat' dir='ltr'><strong>sine.</strong></span> <span class='ocrx_word' id='word_1_67' title='bbox 625 1432 686 1478; x_wconf 81' lang='lat' dir='ltr'><strong>Par.</strong></span> <span class='ocrx_word' id='word_1_68' title='bbox 703 1431 737 1477; x_wconf 84' lang='lat' dir='ltr'><strong>At</strong></span> <span class='ocrx_word' id='word_1_69' title='bbox 755 1429 822 1478; x_wconf 90' lang='lat' dir='ltr'><strong>enim</strong></span> <span class='ocrx_word' id='word_1_70' title='bbox 834 1428 901 1478; x_wconf 78' lang='lat' dir='ltr'><strong>istaec</strong></span> <span class='ocrx_word' id='word_1_71' title='bbox 915 1429 941 1477; x_wconf 89' lang='lat' dir='ltr'><strong>in</strong></span> <span class='ocrx_word' id='word_1_72' title='bbox 961 1442 1001 1476; x_wconf 92' lang='lat' dir='ltr'><strong>me</strong></span> 
     </span>
     <span class='ocr_line' id='line_1_12' title="bbox 265 1518 605 1567; baseline 0 -1"><span class='ocrx_word' id='word_1_73' title='bbox 265 1518 368 1567; x_wconf 80' lang='lat' dir='ltr'><strong>cudetur</strong></span> <span class='ocrx_word' id='word_1_74' title='bbox 376 1518 442 1567; x_wconf 77' lang='lat' dir='ltr'><strong>febe.</strong></span> <span class='ocrx_word' id='word_1_75' title='bbox 486 1518 529 1566; x_wconf 75' lang='lat' dir='ltr'><strong>Ul.</strong></span> <span class='ocrx_word' id='word_1_76' title='bbox 546 1518 605 1567; x_wconf 90' lang='lat' dir='ltr'><strong>Ah!</strong></span> 
     </span>
    </p>

    <p class='ocr_par' dir='ltr' id='par_1_8' title="bbox 198 1604 1003 1746">
     <span class='ocr_line' id='line_1_13' title="bbox 198 1604 1003 1670; baseline -0.004 -13"><span class='ocrx_word' id='word_1_77' title='bbox 198 1611 259 1658; x_wconf 78' lang='lat' dir='ltr'><strong>Par.</strong></span> <span class='ocrx_word' id='word_1_78' title='bbox 277 1607 406 1670; x_wconf 71' lang='lat' dir='ltr'><strong>Flagitium</strong></span> <span class='ocrx_word' id='word_1_79' title='bbox 417 1607 527 1656; x_wconf 81' lang='lat' dir='ltr'><strong>facimus.</strong></span> <span class='ocrx_word' id='word_1_80' title='bbox 563 1608 606 1657; x_wconf 77' lang='lat' dir='ltr'><strong>Gt.</strong></span> <span class='ocrx_word' id='word_1_81' title='bbox 619 1609 661 1656; x_wconf 76' lang='lat' dir='ltr'><strong>An</strong></span> <span class='ocrx_word' id='word_1_82' title='bbox 671 1606 697 1655; x_wconf 90' lang='lat' dir='ltr'><strong>id</strong></span> <span class='ocrx_word' id='word_1_83' title='bbox 707 1605 868 1668; x_wconf 70' lang='lat' dir='ltr'><strong>flagitium’st,</strong></span> <span class='ocrx_word' id='word_1_84' title='bbox 886 1604 908 1655; x_wconf 91' lang='lat' dir='ltr'><strong>si</strong></span> <span class='ocrx_word' id='word_1_85' title='bbox 918 1605 944 1654; x_wconf 89' lang='lat' dir='ltr'><strong>in</strong></span> <span class='ocrx_word' id='word_1_86' title='bbox 956 1604 1003 1654; x_wconf 85' lang='lat' dir='ltr'><strong>de·</strong></span> 
     </span>
     <span class='ocr_line' id='line_1_14' title="bbox 263 1697 513 1746; baseline -0.004 -1"><span class='ocrx_word' id='word_1_87' title='bbox 263 1711 330 1745; x_wconf 91' lang='lat' dir='ltr'><strong>mum</strong></span> <span class='ocrx_word' id='word_1_88' title='bbox 348 1697 513 1746; x_wconf 85' lang='lat' dir='ltr'><strong>meretriciam</strong></span> 
     </span>
    </p>

    <p class='ocr_par' dir='ltr' id='par_1_9' title="bbox 197 1784 1002 1925">
     <span class='ocr_line' id='line_1_15' title="bbox 197 1784 1002 1847; baseline -0.001 -12"><span class='ocrx_word' id='word_1_89' title='bbox 197 1785 319 1846; x_wconf 77' lang='lat' dir='ltr'><strong>Deducat,</strong></span> <span class='ocrx_word' id='word_1_90' title='bbox 339 1793 364 1834; x_wconf 90' lang='lat' dir='ltr'><strong>et</strong></span> <span class='ocrx_word' id='word_1_91' title='bbox 380 1786 430 1834; x_wconf 86' lang='lat' dir='ltr'><strong>illis</strong></span> <span class='ocrx_word' id='word_1_92' title='bbox 447 1785 573 1845; x_wconf 86' lang='lat' dir='ltr'><strong>crucibus,</strong></span> <span class='ocrx_word' id='word_1_93' title='bbox 590 1799 645 1847; x_wconf 80' lang='lat' dir='ltr'><strong>qnae</strong></span> <span class='ocrx_word' id='word_1_94' title='bbox 662 1799 718 1845; x_wconf 85' lang='lat' dir='ltr'><strong>nos,</strong></span> <span class='ocrx_word' id='word_1_95' title='bbox 730 1791 889 1846; x_wconf 80' lang='lat' dir='ltr'><strong>nostrumque</strong></span> <span class='ocrx_word' id='word_1_96' title='bbox 904 1784 1002 1834; x_wconf 78' lang='lat' dir='ltr'><strong>adoles·</strong></span> 
     </span>
     <span class='ocr_line' id='line_1_16' title="bbox 262 1873 369 1925; baseline -0.019 0"><span class='ocrx_word' id='word_1_97' title='bbox 262 1873 369 1925; x_wconf 85' lang='lat' dir='ltr'><strong>centiam</strong></span> 
     </span>
    </p>

    <p class='ocr_par' dir='ltr' id='par_1_10' title="bbox 198 1963 1002 2114">
     <span class='ocr_line' id='line_1_17' title="bbox 198 1963 1002 2028; baseline -0.001 -14"><span class='ocrx_word' id='word_1_98' title='bbox 198 1966 297 2014; x_wconf 80' lang='lat' dir='ltr'><strong>Habent</strong></span> <span class='ocrx_word' id='word_1_99' title='bbox 307 1963 467 2027; x_wconf 79' lang='lat' dir='ltr'><strong>despicatem‚</strong></span> <span class='ocrx_word' id='word_1_100' title='bbox 478 1972 504 2013; x_wconf 87' lang='lat' dir='ltr'><strong>et</strong></span> <span class='ocrx_word' id='word_1_101' title='bbox 520 1978 574 2027; x_wconf 73' lang='lat' dir='ltr'><strong>que</strong></span> <span class='ocrx_word' id='word_1_102' title='bbox 585 1978 631 2013; x_wconf 87' lang='lat' dir='ltr'><strong>nos</strong></span> <span class='ocrx_word' id='word_1_103' title='bbox 650 1978 747 2028; x_wconf 80' lang='lat' dir='ltr'><strong>semper</strong></span> <span class='ocrx_word' id='word_1_104' title='bbox 757 1964 874 2014; x_wconf 88' lang='lat' dir='ltr'><strong>omnibus</strong></span> <span class='ocrx_word' id='word_1_105' title='bbox 890 1963 1002 2014; x_wconf 79' lang='lat' dir='ltr'><strong>cruciant</strong></span> 
     </span>
     <span class='ocr_line' id='line_1_18' title="bbox 265 2052 357 2114; baseline -0.022 -11"><span class='ocrx_word' id='word_1_106' title='bbox 265 2052 357 2114; x_wconf 87' lang='lat' dir='ltr'><strong>modis,</strong></span> 
     </span>
    </p>

    <p class='ocr_par' dir='ltr' id='par_1_11' title="bbox 198 2141 1001 2282">
     <span class='ocr_line' id='line_1_19' title="bbox 198 2141 1001 2205; baseline -0.002 -11"><span class='ocrx_word' id='word_1_107' title='bbox 198 2146 272 2194; x_wconf 89' lang='lat' dir='ltr'><strong>Nunc</strong></span> <span class='ocrx_word' id='word_1_108' title='bbox 292 2143 397 2192; x_wconf 80' lang='lat' dir='ltr'><strong>reseram</strong></span> <span class='ocrx_word' id='word_1_109' title='bbox 417 2142 539 2204; x_wconf 67' lang='lat' dir='ltr'><strong>gratiam</strong></span> <span class='ocrx_word' id='word_1_110' title='bbox 558 2150 631 2205; x_wconf 81' lang='lat' dir='ltr'><strong>utque</strong></span> <span class='ocrx_word' id='word_1_111' title='bbox 651 2154 694 2190; x_wconf 80' lang='lat' dir='ltr'><strong>eas</strong></span> <span class='ocrx_word' id='word_1_112' title='bbox 715 2141 802 2190; x_wconf 85' lang='lat' dir='ltr'><strong>itidem</strong></span> <span class='ocrx_word' id='word_1_113' title='bbox 818 2142 914 2204; x_wconf 77' lang='lat' dir='ltr'><strong>fallam,</strong></span> <span class='ocrx_word' id='word_1_114' title='bbox 927 2149 955 2191; x_wconf 89' lang='lat' dir='ltr'><strong>ut</strong></span> <span class='ocrx_word' id='word_1_115' title='bbox 970 2144 1001 2192; x_wconf 85' lang='lat' dir='ltr'><strong>ab</strong></span> 
     </span>
     <span class='ocr_line' id='line_1_20' title="bbox 265 2231 456 2282; baseline 0 -1"><span class='ocrx_word' id='word_1_116' title='bbox 265 2232 315 2282; x_wconf 86' lang='lat' dir='ltr'><strong>illis</strong></span> <span class='ocrx_word' id='word_1_117' title='bbox 325 2231 456 2281; x_wconf 74' lang='lat' dir='ltr'><strong>fallimur?</strong></span> 
     </span>
    </p>

    <p class='ocr_par' dir='ltr' id='par_1_12' title="bbox 201 2320 1004 2461">
     <span class='ocr_line' id='line_1_21' title="bbox 201 2320 1004 2386; baseline 0 -15"><span class='ocrx_word' id='word_1_118' title='bbox 201 2325 242 2372; x_wconf 85' lang='lat' dir='ltr'><strong>An</strong></span> <span class='ocrx_word' id='word_1_119' title='bbox 261 2321 342 2386; x_wconf 83' lang='lat' dir='ltr'><strong>potius</strong></span> <span class='ocrx_word' id='word_1_120' title='bbox 361 2322 415 2371; x_wconf 86' lang='lat' dir='ltr'><strong>haec</strong></span> <span class='ocrx_word' id='word_1_121' title='bbox 434 2320 497 2385; x_wconf 80' lang='lat' dir='ltr'><strong>patri</strong></span> <span class='ocrx_word' id='word_1_122' title='bbox 514 2334 611 2383; x_wconf 82' lang='lat' dir='ltr'><strong>aequum</strong></span> <span class='ocrx_word' id='word_1_123' title='bbox 632 2320 791 2381; x_wconf 63' lang='lat' dir='ltr'><strong>enutrierint</strong></span> <span class='ocrx_word' id='word_1_124' title='bbox 810 2334 826 2369; x_wconf 82' lang='lat' dir='ltr'><strong>n</strong></span> <span class='ocrx_word' id='word_1_125' title='bbox 845 2336 885 2371; x_wconf 90' lang='lat' dir='ltr'><strong>me</strong></span> <span class='ocrx_word' id='word_1_126' title='bbox 903 2322 1004 2371; x_wconf 81' lang='lat' dir='ltr'><strong>ludatur</strong></span> 
     </span>
     <span class='ocr_line' id='line_1_22' title="bbox 266 2412 351 2461; baseline -0.012 0"><span class='ocrx_word' id='word_1_127' title='bbox 266 2412 351 2461; x_wconf 81' lang='lat' dir='ltr'><strong>dolis?</strong></span> 
     </span>
    </p>

    <p class='ocr_par' dir='ltr' id='par_1_13' title="bbox 200 2496 1003 2652">
     <span class='ocr_line' id='line_1_23' title="bbox 200 2496 1003 2563; baseline -0.004 -13"><span class='ocrx_word' id='word_1_128' title='bbox 200 2500 285 2561; x_wconf 86' lang='lat' dir='ltr'><strong>Quod,</strong></span> <span class='ocrx_word' id='word_1_129' title='bbox 296 2500 338 2563; x_wconf 91' lang='lat' dir='ltr'><strong>qui</strong></span> <span class='ocrx_word' id='word_1_130' title='bbox 356 2499 493 2561; x_wconf 78' lang='lat' dir='ltr'><strong>rescierint,</strong></span> <span class='ocrx_word' id='word_1_131' title='bbox 504 2500 605 2563; x_wconf 87' lang='lat' dir='ltr'><strong>culpent</strong></span> <span class='ocrx_word' id='word_1_132' title='bbox 616 2518 623 2547; x_wconf 70' lang='grc' dir='ltr'><strong>ε</strong></span> <span class='ocrx_word' id='word_1_133' title='bbox 641 2498 703 2547; x_wconf 91' lang='lat' dir='ltr'><strong>illud</strong></span> <span class='ocrx_word' id='word_1_134' title='bbox 713 2496 802 2547; x_wconf 84' lang='lat' dir='ltr'><strong>merito</strong></span> <span class='ocrx_word' id='word_1_135' title='bbox 813 2498 906 2547; x_wconf 81' lang='lat' dir='ltr'><strong>fuctum</strong></span> <span class='ocrx_word' id='word_1_136' title='bbox 916 2512 1003 2548; x_wconf 86' lang='lat' dir='ltr'><strong>omues</strong></span> 
     </span>
     <span class='ocr_line' id='line_1_24' title="bbox 266 2596 361 2652; baseline 0 -15"><span class='ocrx_word' id='word_1_137' title='bbox 266 2596 361 2652; x_wconf 81' lang='lat' dir='ltr'><strong>putent.</strong></span> 
     </span>
    </p>

    <p class='ocr_par' dir='ltr' id='par_1_14' title="bbox 200 2674 1005 2829">
     <span class='ocr_line' id='line_1_25' title="bbox 200 2674 1005 2735; baseline -0.001 -7"><span class='ocrx_word' id='word_1_138' title='bbox 200 2682 262 2728; x_wconf 83' lang='lat' dir='ltr'><strong>Par.</strong></span> <span class='ocrx_word' id='word_1_139' title='bbox 279 2678 345 2732; x_wconf 85' lang='lat' dir='ltr'><strong>Quid</strong></span> <span class='ocrx_word' id='word_1_140' title='bbox 362 2677 441 2727; x_wconf 82' lang='lat' dir='ltr'><strong>istic?</strong></span> <span class='ocrx_word' id='word_1_141' title='bbox 471 2677 492 2727; x_wconf 87' lang='lat' dir='ltr'><strong>si</strong></span> <span class='ocrx_word' id='word_1_142' title='bbox 503 2677 633 2727; x_wconf 82' lang='lat' dir='ltr'><strong>certum&#39;st</strong></span> <span class='ocrx_word' id='word_1_143' title='bbox 647 2676 737 2735; x_wconf 79' lang='lat' dir='ltr'><strong>faeere,</strong></span> <span class='ocrx_word' id='word_1_144' title='bbox 748 2674 839 2723; x_wconf 76' lang='lat' dir='ltr'><strong>facies:</strong></span> <span class='ocrx_word' id='word_1_145' title='bbox 863 2688 949 2724; x_wconf 83' lang='lat' dir='ltr'><strong>verum</strong></span> <span class='ocrx_word' id='word_1_146' title='bbox 973 2692 1005 2727; x_wconf 89' lang='lat' dir='ltr'><strong>ne</strong></span> 
     </span>
     <span class='ocr_line' id='line_1_26' title="bbox 267 2767 443 2829; baseline -0.011 -12"><span class='ocrx_word' id='word_1_147' title='bbox 267 2775 322 2829; x_wconf 88' lang='lat' dir='ltr'><strong>post</strong></span> <span class='ocrx_word' id='word_1_148' title='bbox 331 2767 443 2816; x_wconf 82' lang='lat' dir='ltr'><strong>conferas</strong></span> 
     </span>
    </p>
   </div>
   <div class='ocr_carea' id='block_1_3' title="bbox 203 2852 1005 3177">
    <p class='ocr_par' dir='ltr' id='par_1_15' title="bbox 203 2852 1005 3009">
     <span class='ocr_line' id='line_1_27' title="bbox 203 2852 1005 2919; baseline 0.002 -14"><span class='ocrx_word' id='word_1_149' title='bbox 203 2857 307 2919; x_wconf 74' lang='lat' dir='ltr'><strong>Culpam</strong></span> <span class='ocrx_word' id='word_1_150' title='bbox 319 2856 345 2905; x_wconf 88' lang='lat' dir='ltr'><strong>in</strong></span> <span class='ocrx_word' id='word_1_151' title='bbox 363 2872 411 2906; x_wconf 87' lang='lat' dir='ltr'><strong>me.</strong></span> <span class='ocrx_word' id='word_1_152' title='bbox 446 2857 490 2905; x_wconf 71' lang='lat' dir='ltr'><strong>Cla.</strong></span> <span class='ocrx_word' id='word_1_153' title='bbox 507 2857 565 2905; x_wconf 90' lang='lat' dir='ltr'><strong>Non</strong></span> <span class='ocrx_word' id='word_1_154' title='bbox 586 2852 684 2903; x_wconf 77' lang='lat' dir='ltr'><strong>inciam.</strong></span> <span class='ocrx_word' id='word_1_155' title='bbox 716 2855 776 2902; x_wconf 83' lang='lat' dir='ltr'><strong>Par.</strong></span> <span class='ocrx_word' id='word_1_156' title='bbox 792 2854 924 2903; x_wconf 83' lang='lat' dir='ltr'><strong>anesne?</strong></span> <span class='ocrx_word' id='word_1_157' title='bbox 962 2856 1005 2907; x_wconf 80' lang='lat' dir='ltr'><strong>Ol.</strong></span> 
     </span>
     <span class='ocr_line' id='line_1_28' title="bbox 267 2946 641 3009; baseline -0.013 -12"><span class='ocrx_word' id='word_1_158' title='bbox 267 2948 359 3008; x_wconf 78' lang='lat' dir='ltr'><strong>subeo,</strong></span> <span class='ocrx_word' id='word_1_159' title='bbox 370 2962 443 3009; x_wconf 80' lang='lat' dir='ltr'><strong>cogo,</strong></span> <span class='ocrx_word' id='word_1_160' title='bbox 455 2954 528 3009; x_wconf 85' lang='lat' dir='ltr'><strong>utque</strong></span> <span class='ocrx_word' id='word_1_161' title='bbox 539 2946 641 3009; x_wconf 84' lang='lat' dir='ltr'><strong>impero.</strong></span> 
     </span>
    </p>

    <p class='ocr_par' dir='ltr' id='par_1_16' title="bbox 203 3035 1004 3177">
     <span class='ocr_line' id='line_1_29' title="bbox 203 3035 1004 3099; baseline 0.002 -15"><span class='ocrx_word' id='word_1_162' title='bbox 203 3036 338 3099; x_wconf 81' lang='lat' dir='ltr'><strong>Nunquam</strong></span> <span class='ocrx_word' id='word_1_163' title='bbox 366 3038 490 3099; x_wconf 81' lang='lat' dir='ltr'><strong>defugiam</strong></span> <span class='ocrx_word' id='word_1_164' title='bbox 520 3035 711 3085; x_wconf 68' lang='lat' dir='ltr'><strong>auctoritatem</strong></span> <span class='ocrx_word' id='word_1_165' title='bbox 740 3047 850 3097; x_wconf 79' lang='lat' dir='ltr'><strong>sequere.</strong></span> <span class='ocrx_word' id='word_1_166' title='bbox 882 3037 944 3085; x_wconf 83' lang='lat' dir='ltr'><strong>Par.</strong></span> <span class='ocrx_word' id='word_1_167' title='bbox 971 3036 1004 3088; x_wconf 89' lang='lat' dir='ltr'><strong>Di</strong></span> 
     </span>
     <span class='ocr_line' id='line_1_30' title="bbox 269 3128 447 3177; baseline -0.011 -2"><span class='ocrx_word' id='word_1_168' title='bbox 269 3128 447 3177; x_wconf 77' lang='lat' dir='ltr'><strong>rortentbene.</strong></span> 
     </span>
    </p>
   </div>
   <div class='ocr_carea' id='block_1_4' title="bbox 595 3226 613 3259">
    <p class='ocr_par' dir='ltr' id='par_1_17' title="bbox 595 3226 613 3259">
     <span class='ocr_line' id='line_1_31' title="bbox 595 3226 613 3259; baseline 0 0"><span class='ocrx_word' id='word_1_169' title='bbox 595 3226 613 3259; x_wconf 86' lang='lat' dir='ltr'><strong>G</strong></span> 
     </span>
    </p>
   </div>
   <div class='ocr_carea' id='block_1_5' title="bbox 0 0 1235 3800">
    <p class='ocr_par' dir='ltr' id='par_1_18' title="bbox 0 0 1235 3800">
     <span class='ocr_line' id='line_1_32' title="bbox 0 0 1235 3800; baseline 0 0"><span class='ocrx_word' id='word_1_170' title='bbox 0 0 1235 3800; x_wconf 95' lang='lat' dir='ltr'><strong> </strong></span> 
     </span>
    </p>
   </div>
  </div>
 </body>
</html>
