2459 3800
409 445 521 497 ACTUS
540 447 582 497 iv.
615 448 727 499 SCENA
744 450 790 500 ΠΙ.
969 452 1004 501 43

198 583 265 631 Dav.
289 583 345 632 Eho
356 591 384 634 tu
394 583 535 650 impudens,
555 601 605 638 uon
617 587 675 639 sauia
686 589 772 652 habea,
784 588 850 653 quod
862 587 909 638 tibi
918 588 1004 639 ‹liceu-

263 671 313 719 lam
325 671 399 734 addo,

198 763 324 815 Quantum
336 761 394 812 huic
404 777 538 828 promoveo
550 767 668 831 nuptias?
718 768 762 817 Gk.
787 769 865 828 Dave,
885 775 1003 817 attamen.

261 855 328 904 Dav.
345 854 412 909 Quid
422 857 502 917 ergo?

198 944 242 992 Gk.
260 944 297 993 Ut
313 943 409 1000 ducam.
457 945 524 993 Dav.
553 943 704 994 Ridiculum.
751 946 796 995 Gi.
822 946 879 994 Huc
899 945 953 995 iace
971 945 1003 996 ad

263 1047 302 1082 me
313 1040 343 1083 ut
351 1033 444 1093 venius,
455 1032 547 1095 siquid
557 1033 660 1096 poteris.

195 1121 263 1171 Dav.
280 1121 346 1176 Quid
355 1121 470 1171 venium?
490 1121 552 1172 nihil
563 1123 651 1172 habco.
693 1124 737 1172 Gi.
753 1126 881 1187 Attamen,
897 1123 919 1174 si
932 1123 1000 1186 quid.

262 1213 327 1260 Dav.
339 1212 403 1274 Age,
414 1212 518 1264 veniam.
554 1191 597 1261 Ch.
615 1214 641 1262 Si
653 1213 722 1275 quid,

196 1299 270 1350 Domi
282 1315 333 1350 ero.
358 1303 425 1351 Dua.
441 1304 491 1362 Tu,
503 1302 591 1366 Mysis,
603 1302 662 1351 dum
669 1317 742 1365 exeo,
753 1318 883 1369 parumper
890 1305 1003 1369 opperire

259 1389 357 1440 mehic.

195 1479 250 1539 My.
268 1472 443 1542 Quapropter?
482 1481 548 1528 Dur.
567 1481 605 1528 Ita
625 1480 690 1530 facto
711 1488 750 1529 eat
769 1495 838 1544 opus.
871 1483 925 1542 My.
942 1481 999 1529 Ma·

257 1574 320 1616 tura.
352 1569 419 1618 Dav.
434 1569 503 1629 iam,
515 1569 626 1632 inquam,
637 1569 677 1620 hic
686 1570 769 1618 adero.

396 1805 511 1855 'ACTUS
530 1806 573 1855 IV.
609 1807 720 1855 SCENA
738 1807 784 1855 ΙΙΙ.

482 1922 579 1969 Musis.
604 1922 702 1970 Davus.

193 2035 217 2081 N
219 2045 315 2080 numm
325 2046 378 2082 esse
388 2032 516 2096 proprium
526 2031 638 2095 cuiquam
649 2035 659 2080 ?
695 2032 727 2082 Di
737 2040 845 2081 vostram
856 2032 945 2083 fidem!

192 2124 322 2172 Summum
333 2124 426 2171 bonum
437 2136 490 2171 esse
501 2123 567 2171 herae
577 2121 658 2185 putavi
670 2122 737 2171 huuc
748 2122 915 2185 Pamphilum,

190 2212 316 2272 Amicum,
326 2220 472 2273 amatorem,
480 2212 560 2261 virum
572 2212 597 2261 in
607 2212 693 2275 quovis
705 2214 760 2262 luco

160 2322 163 2327 ·
192 2304 324 2351 Paratum:
341 2316 427 2351 verum
439 2316 470 2351 ex
482 2316 513 2351 eo
523 2317 590 2351 nunc
601 2303 693 2351 misera
703 2316 777 2364 quem
788 2304 853 2367 capit

191 2391 329 2439 Dolorem?
349 2388 420 2441 facile
432 2391 472 2440 hic
483 2392 537 2454 plua
549 2392 608 2439 mali
619 2399 667 2451 est,
683 2405 757 2454 quam
769 2391 821 2441 illic
831 2392 899 2441 boni.

191 2477 241 2529 Sed
250 2480 331 2529 Davus
338 2479 398 2528 exit.
409 2479 447 2528 Mi
459 2480 545 2541 homo,
566 2479 626 2543 quid
636 2479 698 2529 istuc
708 2481 862 2529 obsecro’ct?

188 2572 244 2625 Quo
255 2578 339 2633 portas
349 2584 453 2633 puerum
464 2572 475 2617 ἓ
509 2572 576 2619 Dar.
595 2568 684 2633 Mysis,
695 2582 761 2618 nuuc
772 2583 834 2631 apua
845 2576 883 2617 eat
891 2576 934 2617 tua

189 2658 253 2707 Mihi
262 2659 294 2707 ad
304 2660 368 2707 hanc
380 2673 433 2707 rem
445 2665 575 2723 expromta
585 2656 707 2706 memoria
717 2664 790 2720 atque
801 2656 898 2706 martia.

190 2750 243 2810 My.
269 2746 393 2803 Quidnam
417 2747 579 2811 incepturus?
630 2750 696 2796 Dav.
713 2745 804 2810 Accipe
832 2759 908 2795 ame
928 2745 995 2794 hunc

255 2836 335 2897 ocius,

191 2928 270 2989 Atque
282 2932 338 2974 aute
349 2933 459 2973 noctram
472 2925 574 2985 J'anuam
585 2938 689 2987 appone.
722 2926 775 2985 My.
793 2923 914 2984 Obsecro,

192 3014 321 3064 Humine?
357 3015 423 3063 Dur.
443 3014 483 3063 Ex
495 3027 538 3063 ara
550 3013 609 3063 hinc
621 3028 691 3063 cume
703 3015 821 3062 verbenas
831 3012 888 3074 tibi,

150 3110 153 3117 '
191 3106 272 3167 Atque
283 3118 324 3154 aaa
335 3104 471 3154 substerne.
506 3106 561 3167 My.
578 3104 745 3159 Quamobrem
757 3102 783 3151 id
791 3110 843 3152 tute
854 3116 905 3151 uon
915 3100 995 3152 facia?
