2459 3800
440 476 552 526 AC'l'US
572 476 594 523 1.
627 473 737 523 sanA
755 474 789 522 ΙΙ.
970 476 1015 524 135

113 615 117 623 “
213 612 258 660 cd.
275 612 451 675 Quapropter?
484 614 520 663 01.
543 590 609 668 ‘outa
620 614 687 663 enim
697 592 851 663 incertunn’st
861 612 947 672 etiam,
959 611 1017 675 quid

189 718 194 725 ¹
275 701 402 753 seiaeiot:
418 702 580 753 modovenit.
848 712 865 771 j
941 718 944 726 ¹

210 789 393 853 'limetomnie‚
404 792 480 856 patris
490 792 564 857 nam,
575 802 601 844 et
611 794 721 844 animum
732 793 817 843 amicae
829 807 856 843 se
867 806 925 855 erge
935 801 963 843 nt
971 792 1018 842 siet

277 893 344 942 suae3

211 968 274 1017 liam
284 968 376 1018 misere
392 977 476 1021 emet:
494 979 593 1034 propter
611 984 667 1020 eam
686 971 739 1021 hec
758 972 830 1020 turbo
847 977 922 1033 atque
940 968 1016 1020 abitio

188 1084 192 1089 v
239 1085 242 1091 ,
276 1059 367 1109 evenit.
391 1060 447 1109 ὈΜ
462 1059 527 1110 Scio.

214 1148 250 1197 01.
268 1149 340 1197 Nunc
352 1150 475 1198 servolum
487 1148 518 1198 ed
529 1162 584 1198 eam
594 1148 621 1197 in
635 1150 720 1198 urbem
731 1146 809 1209 misit,
821 1155 847 1197 et
852 1161 897 1209 ego
905 1154 1018 1197 nostrum

277 1240 436 1302 unnSyrum.
536 1256 539 1261 ·
723 1281 725 1285 ,
853 1276 855 1281 .

214 1327 259 1375 Gt.
276 1326 342 1381 Quid
353 1330 457 1377 narret?
493 1329 531 1377 01.
548 1327 614 1383 Quid
625 1327 687 1378 ille?
707 1341 734 1377 se
745 1325 863 1376 miserum
873 1340 936 1375 esse.
972 1326 1020 1374 ot.

253 1453 257 1457 -
278 1416 420 1466 Miserum?
438 1432 511 1479 quem
523 1416 604 1467 minus
614 1417 715 1467 eredere
727 1423 765 1465 est
777 1418 787 1464 ἓ
944 1454 947 1459 ⁴

215 1503 281 1559 Quid
297 1504 387 1567 reliqui
403 1512 450 1567 est,
467 1504 527 1568 quin
543 1506 633 1555 hebeat
644 1520 697 1568 quae
718 1503 816 1567 quidem
827 1502 853 1553 in
864 1501 966 1552 homine
979 1501 1017 1551 di-

280 1600 370 1643 cuntur
379 1595 480 1650 torro?¹
618 1602 619 1607 ’

216 1682 338 1744 Parentis,
356 1683 461 1747 petriam
480 1682 642 1744 ineolumem,
660 1681 763 1743 amieos,
781 1696 869 1745 genus,
889 1688 1019 1743 cognatos,

281 1771 399 1821 divitius?

217 1862 298 1924 Atque
309 1861 362 1910 hee
373 1860 474 1925 perinde
484 1869 552 1923 sunt,
562 1868 591 1910 ut
602 1858 790 1921 illins-suimus,
802 1858 843 1922 qui
854 1872 883 1910 es
895 1857 1004 1922 possidet
1016 1880 1022 1908 ι

208 1950 269 2013 ,Qui
279 1951 317 2000 uti
327 1951 384 2012 scit,
396 1951 419 2000 ei
430 1952 509 2000 bone:
527 1949 575 2013 illi,
586 1949 690 2013 quinon
702 1949 778 2000 ntitsn
788 1957 864 2010 reete,
876 1949 950 1998 mela.

219 2041 256 2088 01.
273 2041 354 2088 lmmo
376 2039 419 2089 ille
439 2040 487 2089 tuit
505 2054 582 2090 senex
599 2039 755 2102 importunus
776 2051 887 2102 semper:
912 2044 938 2086 et
958 2051 1023 2086 nunc

284 2129 346 2177 nihil
358 2129 434 2191 megin

219 2222 324 2281 Vereor,
335 2233 408 2283 quern
427 2219 536 2282 nequid
557 2218 584 2268 in
604 2217 774 2268 illuminatus
794 2218 848 2281 plus
870 2215 928 2267 setis
949 2216 1023 2276 faxit,

287 2319 364 2374 pater.

221 2402 266 2451 cd.
283 2401 382 2449 illene?
401 2400 445 2449 sed
460 2398 592 2464 reprimam
607 2413 664 2449 sne:
682 2412 741 2448 nam
757 2398 783 2447 in
795 2404 863 2446 metu
879 2410 934 2446 esse
946 2396 1024 2455 hunc,

287 2490 325 2539 illi
336 2498 375 2538 est
384 2489 454 2538 utile.
553 2533 557 2538 .

224 2582 261 2630 Gi.
278 2578 344 2634 Quid
361 2585 415 2627 tute
427 2580 530 2627 tecum?
568 2579 611 2627 ct.
629 2576 730 2627 Dicam:
747 2581 820 2624 utut
835 2580 898 2633 erat,
910 2586 1023 2622 mansum

286 2667 500 2731 tamenoportuit.

222 2760 335 2809 Fortasse
346 2756 498 2818 aliquantum
510 2753 619 2816 iniquior
629 2760 683 2802 erat
693 2759 780 2816 preter
789 2753 841 2812 ejnn
853 2747 988 2800 lubidinem
1001 2770 1006 2798 :

225 2851 368 2898 Puteretur:
396 2859 456 2893 nem
480 2858 552 2907 quern
574 2843 661 2903 ferret,
686 2841 707 2891 si
729 2848 856 2906 prerentem
878 2853 929 2888 non
952 2839 1028 2887 ferret

289 2939 384 2986 suum?

226 3025 353 3077 Hunecine
364 3031 418 3075 erut
427 3038 527 3087 equom
535 3037 568 3072 ex
578 3020 646 3071 illius
655 3033 735 3083 more,
746 3033 777 3070 an
788 3019 860 3070 illurn
869 3017 981 3080 exhnjus
992 3017 1027 3066 vi-

252 3141 255 3148 ·
290 3116 367 3163 vere?
692 3117 695 3122 '
