2459 3800
435 491 546 541 Ac'rUs
563 493 593 540 V.
627 492 737 541 scENA
754 493 783 541 V.
960 496 1001 544 181

201 626 276 680 Quod
286 641 330 688 ego
344 629 411 677 hunc
421 643 517 690 aequom
526 644 624 679 censeo.
659 631 695 679 01.
714 632 796 692 Pater,
809 631 892 681 omnia
901 632 1007 682 faciam:

267 715 369 779 impera.

203 805 504 857 commendemens.
539 810 574 857 01.
587 811 668 858 Pater.
699 811 742 859 Gi.
755 809 825 859 Nihil
837 810 918 861 audio.
942 814 1009 863 Men.

267 896 481 960 Admerocipi03

201 983 290 1034 Faciet.
325 986 368 1034 Gli.
386 987 430 1034 Nil
448 987 523 1035 etiam
534 987 607 1035 audio
620 987 708 1050 ipsum.
750 990 785 1037 ol.
803 989 877 1038 Perii.
909 994 950 1040 So.
967 993 1007 1040 An

266 1075 374 1135 dubites,
386 1075 495 1140 Clitipho
506 1080 515 1125 ?

203 1165 247 1213 Gla.
265 1165 355 1225 Immo,
376 1174 457 1215 utrum
478 1169 538 1216 volt.
575 1169 643 1216 Men.
661 1167 742 1217 Faciet
760 1168 851 1218 omnia.
888 1171 929 1218 So.
948 1171 1008 1218 Haec

266 1255 324 1303 dum
336 1255 448 1318 incipias,
458 1257 541 1317 gravia
548 1263 616 1316 suut,

202 1344 317 1404 Dumque
325 1344 438 1404 ignores:
456 1344 498 1392 ubi
507 1344 631 1405 cognoris,
643 1343 733 1392 facilia.
763 1345 799 1392 CI.
812 1344 920 1405 Faciam,
931 1352 1008 1407 pater.

203 1433 243 1480 So.
260 1432 340 1480 Gnate
351 1432 397 1492 mi,
415 1447 461 1493 ego
481 1433 522 1496 pol
538 1432 582 1481 tibi
602 1432 666 1481 dabo
678 1433 748 1481 illam
759 1432 878 1495 lepidam,
896 1446 969 1495 quam
981 1440 1007 1482 tu

266 1519 339 1568 facile
351 1535 428 1582 ames,

205 1607 293 1657 Filiam
307 1611 466 1659 Phanocratae
474 1609 562 1659 nostri.
597 1610 633 1659 01.
652 1609 774 1658 Rufamne
782 1607 851 1657 iliam
862 1608 993 1670 virginem,

206 1698 321 1760 Caesiam,
333 1713 418 1762 sparso
429 1714 483 1761 ore,
494 1701 590 1749 adunco
601 1702 678 1748 naso?
696 1714 747 1748 non
757 1713 866 1762 possum,
878 1705 954 1762 pater.

210 1791 253 1838 ci.
272 1791 345 1850 HeJa,
364 1798 394 1838 ut
408 1790 506 1850 elegans
523 1792 574 1840 eat!
592 1790 678 1838 credas
697 1789 806 1838 animum
817 1789 850 1837 ibi
872 1802 933 1837 esse.
967 1790 1008 1838 So.

236 1918 239 1923 Δ
271 1877 353 1927 Aliam
364 1879 436 1929 dabo.

208 1967 245 2015 01.
262 1966 327 2022 Quid
338 1967 412 2016 istic?
432 1967 631 2030 quandoquidem
643 1966 754 2015 ducenda
764 1974 811 2028 est,
823 1974 921 2029 egomet
930 1965 1009 2017 habeo

269 2056 447 2118 propemodum

206 2145 286 2198 Quam
308 2147 372 2195 volo.
413 2148 454 2194 So.
477 2148 550 2194 Nunc
575 2144 660 2205 laudo,
683 2152 765 2207 gnate.
815 2146 852 2195 01.
874 2144 1011 2194 Archonidi

271 2234 345 2294 hujus
354 2233 439 2283 filiam.

209 2325 249 2370 So.
267 2324 402 2385 Perplacet.
438 2323 474 2372 Gt.
492 2325 574 2382 Pater,
595 2322 644 2371 hoc
661 2336 727 2370 nunc
740 2329 826 2371 restat.
862 2322 905 2371 Gi.
924 2321 1011 2376 Quid?

273 2412 309 2461 01.
326 2414 389 2476 Syro
400 2412 512 2474 ignoscas
523 2411 590 2471 volo,

207 2504 268 2555 Qun
281 2516 336 2551 mea
351 2516 426 2552 causa
444 2502 509 2553 iecit.
550 2502 595 2549 Od-
631 2500 673 2549 iat.
691 2509 721 2549 si.
737 2501 787 2549 Vos
799 2500 887 2560 valete,
905 2506 930 2547 et
946 2498 1016 2560 plau·

275 2590 334 2640 dite.
