2459 3800
236 451 269 500 26
463 453 490 502 P.
506 455 669 506 TERENTll
683 455 821 504 ANDRlA.

238 594 297 640 Haec
309 605 362 654 quae
373 589 443 652 lacis,
456 591 518 650 neis
530 599 608 642 mutet
619 606 689 641 enam
698 592 852 640 sententiam.

238 680 305 730 Patri
314 680 353 729 dic
362 681 440 729 velle:
460 689 497 741 ut,
507 695 562 729 eum
575 681 643 740 velit,
655 679 699 730 tibi
706 683 763 743 jure
773 680 844 729 irasci
856 693 907 729 non
916 688 995 742 queat.

238 771 303 822 Nam
315 769 380 831 quod
396 776 423 817 tu
435 783 527 832 speres,
547 769 695 832 propulsabo
713 769 804 831 facile3
821 782 925 816 uxorem
934 768 973 817 his
983 783 1040 817 mo-

303 856 371 905 ribus

238 945 312 994 Dabit
329 959 418 994 nemo:
442 944 550 996 inveniet
567 945 666 1008 inopem
683 946 775 1009 potius,
797 960 870 1008 quam
882 945 1043 1008 tenorrnmpi

304 1033 378 1086 sinat

241 1123 290 1171 Sed
302 1121 322 1170 si
335 1130 359 1172 te
371 1121 530 1184 aequoanimo
542 1124 606 1172 ferre
617 1122 728 1187 accipiet,
740 1124 903 1185 negligentem
914 1123 1009 1172 leceris.

239 1210 296 1258 Alia
306 1210 399 1259 otiosus
410 1218 517 1273 quaeret:
530 1211 625 1260 interea
632 1212 725 1273 aliquid
736 1212 853 1260 acciderit
862 1212 930 1260 boni.

240 1302 310 1348 Pam.
339 1301 400 1348 ltan‘
426 1300 524 1350 credis?
578 1303 644 1349 Dav.
673 1300 747 1348 Haud
774 1300 877 1351 dubium
905 1299 1059 1361 qindem'st

304 1392 375 1438 Pam.
392 1391 512 1455 videque
524 1405 563 1438 me
574 1389 683 1439 induens.
716 1392 782 1439 Dav.
800 1389 866 1443 Quin
874 1397 939 1438 taces
950 1392 960 1438 ἓ

240 1481 311 1526 Pam.
327 1478 419 1528 Dicam.
432 1481 538 1528 Puerum
550 1486 631 1527 autem
643 1492 674 1526 ne
685 1477 799 1527 resciscat
808 1478 870 1526 mihi
882 1493 936 1527 esee
947 1493 978 1526 ex
988 1478 1043 1539 illa,

305 1567 387 1616 cautio
397 1573 449 1620 est:
800 1611 803 1618 .
872 1614 874 1617 .

199 1709 202 1716 ¹
241 1657 305 1704 Nam
315 1655 439 1718 pollicitus
449 1671 503 1704 snm
515 1663 692 1719 decepturum.
719 1658 785 1704 Dav.
802 1651 1041 1705 osacinus‘audax!

305 1747 376 1792 Pam.
394 1746 463 1792 Hanc
479 1744 552 1792 fidem

241 1831 304 1892 Sibi,
325 1847 364 1881 me
390 1833 536 1893 obsecravit,
559 1833 601 1896 qui
621 1833 741 1882 set-sciret
762 1848 813 1882 non
832 1833 997 1893 deserturum,
1013 1840 1044 1882 nt

306 1921 398 1969 darem.

240 2011 305 2057 Dar.
333 2008 481 2060 Curabitnr:
500 2010 543 2059 sed
560 2017 629 2073 pater
648 2011 730 2060 adest:
747 2024 815 2072 cave,
835 2019 860 2061 te
875 2026 929 2061 eree
946 2011 1042 2061 tristem

307 2096 404 2145 sentiat.
910 2108 914 2117 ·

461 2317 572 2367 ACTUS
591 2318 624 2365 ΙΙ.
652 2316 763 2365 SCENA
781 2316 823 2363 IV.

436 2432 513 2480 Srnro.
547 2434 645 2479 Davus·
679 2432 845 2479 Panrnrnus.

141 2541 152 2558 “
241 2548 338 2595 ltnvrso
352 2544 410 2608 quid
421 2553 504 2607 agant,
516 2555 558 2596 aut
570 2545 630 2607 quid
639 2553 737 2609 captent
746 2544 853 2595 consilii.

240 2638 306 2684 Dae.
325 2634 373 2683 Hic
384 2617 449 2684 nnnc
461 2650 511 2683 non
522 2634 627 2695 dubitat,
640 2634 700 2696 quin
710 2643 735 2683 te
746 2635 876 2683 ductarum
888 2647 972 2695 neges.
1056 2660 1061 2665 Δ

241 2724 316 2773 Venit
326 2723 458 2773 meditatus
468 2722 582 2773 alicunde
594 2738 627 2773 ex
637 2725 693 2774 eolo
703 2726 772 2773 loco:

243 2813 388 2864 Orationem
400 2821 482 2877 sperat
494 2814 615 2863 invenisse
627 2828 666 2873 se,
748 2868 752 2874 ⁴

242 2903 291 2958 (lui
303 2902 398 2952 differat
409 2911 444 2953 te:
460 2903 532 2966 proin
545 2911 573 2951 tu
583 2903 634 2963 fac,
646 2902 743 2966 apudte
754 2910 783 2951 ut
792 2901 850 2955 siet.

242 2996 313 3043 Pam.
339 2987 454 3042 Modo‘ut
465 2994 568 3056 possim,
581 2996 657 3043 Dave.
689 2996 756 3043 Dar.
774 2992 864 3052 Crede,
874 2991 985 3054 inquam,
996 2992 1044 3040 hoc

307 3082 379 3146 mihi,
391 3084 531 3148 Pamphile,
