2459 3800
378 474 489 524 ACTUS
508 475 537 521 V.
575 472 684 523 scENA
702 474 746 521 lll.
915 473 963 521 287

159 618 212 669 Scit
222 616 269 667 sibi
281 614 434 666 nobilitatem
442 629 473 663 ex
485 629 525 676 eo,
537 623 562 665 ct
572 630 625 665 rem
636 621 731 676 natum,
741 622 767 663 et
775 613 879 677 gloriam
890 628 957 665 esee:

159 706 306 768 Referetque
318 704 421 768 gratiam
432 704 466 766 el,
485 717 582 766 unaque
595 717 641 753 nos
653 704 701 753 sibi
712 717 787 768 opera
802 704 894 753 amicos
902 706 962 765 jun-

224 802 273 856 get.

370 1031 481 1081 nonos
498 1032 528 1080 v.
568 1032 679 1109 scene
696 1034 742 1081 111.

412 1146 551 1193 Praetereo.
584 1146 713 1193 Bacenis.

162 1234 279 1283 AEnnron
296 1246 335 1280 nae
347 1244 426 1280 meam
437 1232 511 1281 herus
523 1244 576 1280 esse
587 1245 687 1293 operam
697 1232 797 1295 deputat
806 1234 873 1296 parri
882 1234 965 1296 pretii,

163 1321 212 1377 Qui
220 1322 252 1370 ob
263 1334 316 1369 rem
328 1320 421 1368 nuliam
432 1319 509 1379 misit,
521 1318 613 1367 frustra
624 1319 666 1367 ubi
677 1327 757 1369 totum
769 1320 852 1370 desedi
862 1321 940 1382 diem,

163 1408 305 1473 Myconium
316 1406 439 1472 hospitem
449 1407 508 1455 dnm
519 1388 634 1469 exspecto
645 1407 671 1454 in
680 1422 736 1457 arce
745 1409 940 1464 Callidemidem.

165 1501 248 1560 ltaque
259 1498 355 1561 inepcur
367 1496 441 1545 hodie
454 1496 513 1544 dum
525 1494 576 1544 iilic
588 1495 672 1557 sedeo,
684 1497 825 1559 utquisque
836 1507 946 1561 venerat,

165 1586 335 1636 decedebam:
361 1583 524 1643 Adolescens,
547 1582 647 1633 dicdum
666 1599 759 1646 queso,
784 1600 811 1635 er
836 1595 864 1636 tu
882 1589 969 1651 Myco.

232 1674 304 1723 niue?

167 1763 224 1809 Non
236 1775 299 1810 eum.
311 1762 345 1809 At
352 1759 543 1811 Callidemides?
564 1761 631 1808 Non.
641 1758 768 1822 Hospitem
777 1774 879 1822 ecquem
894 1762 968 1810 Pam-

232 1849 328 1912 pbilum
444 1907 446 1914 Ι

171 1937 217 1986 Hic
227 1938 319 1986 babes?
339 1951 424 1988 omnes
435 1937 556 1999 negabant
567 1957 573 1986 ι
592 1950 671 1998 neque
688 1951 745 1986 eum
756 1951 903 2001 quemquam
914 1952 969 1988 enee

232 2025 346 2075 arbitror.

168 2113 277 2178 Denique
288 2116 370 2164 bercle
377 2117 429 2176 jam
440 2114 560 2178 pudebat:
579 2116 636 2166 abii.
653 2117 702 2168 Sed
713 2117 771 2179 quid
781 2116 928 2166 Bacchidem

169 2205 209 2252 Ab
220 2212 306 2253 nostro
318 2205 388 2254 affine
398 2213 529 2253 exeuntem
541 2205 629 2254 video?
647 2205 706 2268 quid
716 2205 774 2253 hnic
784 2205 826 2254 hic
834 2211 871 2254 eet
881 2204 938 2252 rei?

168 2297 217 2344 Bu.
237 2297 365 2356 Parmeno,
377 2303 514 2357 opportune
523 2303 548 2344 te
558 2297 632 2346 offers
644 2318 650 2347 ι
668 2311 771 2360 propere
780 2297 892 2346 eurread
900 2298 972 2346 Paru-

236 2382 339 2446 philum.

171 2476 231 2521 Par.
249 2469 315 2526 Quid
325 2472 375 2518 eo?
410 2472 459 2518 Bo.
476 2469 522 2518 Die
534 2483 573 2518 me
584 2483 666 2530 orare,
688 2479 714 2520 ut
733 2471 824 2520 veniat.
858 2473 916 2519 Par.
932 2472 973 2520 Ad

236 2563 280 2610 te?
318 2562 365 2608 Bo.
383 2559 503 2608 immoad
516 2558 700 2607 Philumenam.

171 2652 232 2698 Par.
248 2647 315 2703 Quid
334 2647 370 2696 rei
387 2649 442 2696 est?
478 2649 527 2695 Bc.
543 2647 599 2696 Tua
609 2645 675 2708 quod
686 2646 749 2695 nibil
766 2647 851 2706 refert,
870 2659 973 2708 percon·

236 2737 284 2786 tari
295 2735 400 2786 denium.

172 2830 233 2876 Par.
250 2825 320 2875 Nibil
338 2823 405 2874 aliud
424 2822 523 2872 dicam?
556 2825 605 2872 Bc.
622 2821 715 2882 Etiam,
726 2834 843 2883 cognosse
854 2821 974 2870 annulum
1022 2865 1028 2874 ,

238 2912 309 2962 illum
321 2910 476 2975 Myrrhinam

175 3002 259 3050 Gnatae
271 3013 321 3048 sum
337 2999 423 3060 iniere,
444 3011 516 3060 quem
534 2995 600 3059 ipone
620 2995 683 3045 mibl
699 2995 760 3044 olim
777 2993 884 3044 dederat.
916 2996 979 3044 Por.

246 3085 310 3136 Scio.
