2459 3800
250 444 296 492 146
330 445 358 492 P.
378 444 539 494 TERENTII
557 442 991 495 HEAUTONTIMORUMENOS.

248 584 302 633 Hoc
311 582 430 634 beneficio
440 584 538 648 utrique
549 586 581 635 ab
591 585 702 649 uirisque
710 600 768 635 vero
779 583 947 647 devincimini,

248 675 284 723 Ut
293 688 419 735 nunquam
429 676 482 724 ulla
492 674 571 723 amon‘
583 682 663 724 vestro
675 675 784 724 incidere
794 675 873 737 possit
883 673 1017 724 calamitae.
1101 680 1102 683 ’

245 763 308 813 Aac·
325 764 414 814 Nescio
431 765 507 815 aliae:
526 780 566 815 me
578 765 676 827 quidem
688 778 783 829 semper
795 764 846 813 scio
855 764 942 813 iecisse
953 765 1050 825 sedulo,

246 854 284 902 Ut
293 867 325 902 ex
334 853 401 903 illim
412 854 543 903 commodo
555 870 637 904 meum
649 865 816 917 compararem
828 854 994 904 commodum.
1013 855 1050 903 01.

309 941 367 991 Ah!

245 1030 322 1091 Ergo,
333 1042 389 1080 mea
399 1031 535 1094 Antiphila,
546 1038 574 1086 tu
584 1046 651 1081 nunc
662 1032 715 1080 sola
726 1030 842 1081 reducem
853 1045 893 1079 me
904 1030 929 1079 in
943 1030 1048 1094 puniam

307 1116 375 1167 facis.
628 1111 632 1118 ’

245 1208 310 1257 Nam
321 1206 380 1256 dum
391 1209 435 1257 aba
447 1216 471 1257 le
489 1210 586 1270 absum,
598 1223 684 1275 omnea
696 1208 758 1257 mihi
769 1210 865 1258 labores
884 1210 964 1270 fuere,
984 1222 1047 1270 quos

307 1296 379 1359 coepi,
390 1297 470 1346 levesi

246 1374 476 1447 Praeoerquam,tui
493 1386 627 1435 carendum
647 1386 791 1449 quoderat.
824 1390 868 1449 Sy.
887 1386 977 1435 Credo.
1012 1387 1048 1435 01.

307 1475 378 1539 Syre,
389 1474 431 1524 vix
442 1476 540 1525 suffero.
905 1479 906 1483 ’

248 1565 357 1615 Haecine
379 1580 419 1615 me
441 1566 560 1615 miserum
584 1581 635 1615 non
656 1566 730 1617 licere
750 1580 805 1615 meo
825 1566 901 1616 modo
924 1565 1049 1628 ingenium

307 1656 376 1705 frui?

246 1748 289 1807 Sy.
306 1748 396 1805 Immo,
407 1753 435 1795 ut
451 1754 546 1809 patrem
564 1754 635 1794 tunm
646 1744 696 1794 vidi
711 1759 763 1795 ease
773 1744 896 1805 habitum,
915 1744 957 1793 diu
974 1744 1047 1793 etiam

309 1832 382 1881 duras
392 1832 468 1882 dabit.
971 1878 975 1881 .

244 1923 308 1973 Bac.
324 1921 443 1976 Quisnam
455 1921 496 1972 hic
507 1923 706 1986 adolescensent,
719 1923 760 1986 qui
771 1923 875 1973 intuitur
885 1925 952 1972 noe?
987 1923 1050 1971 Ant.

308 2011 359 2071 Ah,
370 2011 448 2060 retine
459 2027 510 2072 me,
521 2013 632 2062 obsecro.

248 2102 311 2150 Bac.
327 2101 434 2162 Amabo,
446 2102 506 2164 quid
517 2103 560 2152 tibi
572 2106 630 2152 est?
666 2104 729 2152 Ant.
746 2101 863 2167 Disperii,
879 2101 940 2166 perii
950 2101 1049 2150 misera.

310 2193 372 2240 Bau.
390 2192 457 2247 Quid
467 2200 561 2256 empus,

246 2280 395 2344 Antiphila?
421 2283 484 2332 Ant.
495 2282 599 2333 Videon’
611 2284 729 2348 Cliniam,
742 2298 773 2333 an
787 2287 858 2333 non?
894 2286 957 2334 Bac.
969 2285 1049 2338 Quem

309 2364 395 2414 videa?
448 2374 450 2378 '
931 2393 935 2401 ·

248 2456 285 2504 01.
302 2456 385 2517 Salve,
395 2458 476 2507 anime
487 2459 530 2507 mi.
563 2459 626 2510 Ant.
644 2459 667 2508 0
687 2457 721 2508 mi
738 2465 885 2522 exspectate,
903 2460 978 2508 salve.
1013 2461 1049 2510 C.

311 2547 442 2596 Utvalee?

246 2636 308 2684 Ant.
326 2636 427 2686 Salvum
438 2636 562 2687 advenisse
570 2637 672 2700 gaudeo.
708 2639 744 2688 01.
760 2641 875 2688 Teneone
887 2645 922 2700 te,

245 2726 383 2790 Antiphila,
394 2741 509 2776 maxume
519 2727 603 2777 animo
614 2735 731 2792 exoptata
740 2730 817 2778 meo?

245 2818 288 2878 Sy.
305 2816 342 2865 lte
352 2815 435 2868 intro:
455 2832 512 2867 nam
524 2833 567 2866 voe
574 2819 627 2880 J‘am
639 2817 731 2867 dudum
743 2824 867 2881 exspectat
875 2830 958 2866 senex.
