2459 3800
159 535 164 544 ,
237 445 270 525 'so
423 479 451 526 r.
468 475 630 550 urrunnun
647 475 848 528 uunucuon

241 621 285 668 Ch.
305 619 386 669 Perii!
406 633 565 682 nunquamne
582 618 657 667 etiam
675 631 715 666 me
725 607 794 666 iliam
806 615 914 664 vidisse?
933 614 1042 663 ehodum

302 708 341 757 dic
354 702 444 769 mihi,'¹
1041 701 1045 706 ’

238 799 326 858 Estne,
337 804 366 846 ut
375 797 462 856 fertur,
474 797 572 845 forma?
602 799 662 843 Par.
680 797 752 845 Saue.
777 795 820 843 Ch·
833 793 1047 843 Atnihilodnos-
1096 800 1098 803 '

303 885 450 934 tramhanc.
484 887 543 933 Por·
560 884 675 933 Aliares.

242 975 284 1022 Ch·
302 975 410 1024 Obsecro
428 975 521 1033 hercle,
540 976 672 1032 Parmeno,
691 973 730 1021 foc
749 979 777 1020 ut
796 973 883 1036 potiar.
918 976 979 1022 Por.
995 973 1043 1022 Fa-

305 1057 515 1123 cinmseduio‚‘ae
957 1109 962 1116 ,

240 1151 310 1200 Dabo
328 1165 439 1214 operam,
451 1151 577 1212 adjuvabo.
611 1149 739 1212 Numquid
752 1150 792 1198 ine
803 1149 890 1198 aliud?
929 1151 971 1198 Oh.
989 1153 1047 1206 Quo

306 1254 370 1288 nunc
382 1240 421 1288 is?
458 1243 517 1288 Por.
534 1242 653 1299 Domum,

243 1330 279 1378 Ur
289 1329 410 1393 mancipia
421 1331 483 1389 haec,
495 1329 530 1378 ita
540 1336 568 1376 nc
575 1327 650 1390 jussit
661 1330 749 1389 irater,
762 1327 850 1376 ducam
862 1327 894 1376 ud
903 1327 1032 1378 iiraidem.

244 1419 286 1467 Ch.
303 1420 327 1469 ,Ο
339 1419 490 1468 fortunatum
509 1417 584 1467 istum
602 1419 762 1478 Eunuchum,
782 1418 824 1480 qni
835 1418 933 1481 quidem
947 1417 974 1466 in
984 1418 1048 1466 hanc

306 1508 377 1558 detur
388 1508 504 1558 domum!

190 1627 192 1631 v
244 1600 303 1647 Par.
321 1597 386 1651 Quid
397 1597 449 1646 ita?
486 1597 529 1646 Ch.
546 1596 663 1658 Reginus?
681 1609 778 1644 summo
788 1596 869 1644 forma
879 1609 975 1658 semper
985 1609 1049 1644 con·

306 1700 402 1734 servam
413 1685 480 1734 domi

240 1775 342 1824 Videbit
354 1797 359 1825 ι
378 1777 531 1837 colloquetur
543 1797 548 1824 z
567 1774 646 1824 aderit
655 1789 705 1823 una
715 1774 741 1822 in
754 1775 810 1823 unis
822 1774 913 1823 aedibus
925 1795 930 1823 r

243 1867 331 1917 Cibum
353 1880 530 1929 nonnunquam
553 1865 633 1931 capiet
653 1881 709 1916 cum
730 1880 776 1915 ea:
805 1863 928 1914 interdum
946 1856 1048 1929 propter

310 1956 423 2005 dormiet.

243 2048 302 2094 Par.
320 2045 404 2101 Quid?
423 2045 444 2094 si
463 2028 528 2094 nunc
543 2052 595 2095 tute
612 2046 751 2096 fortunatus
770 2047 832 2095 fias?
870 2048 912 2095 012.
930 2048 985 2101 Qua
1005 2061 1043 2108 re,

307 2135 446 2181 Parmeno?

243 2222 380 2285 Responde.
413 2225 473 2271 Par.
492 2223 579 2287 Capias
599 2231 627 2271 tu
645 2223 711 2273 illius
729 2234 828 2273 vestem.
865 2225 907 2273 cn.
923 2226 1042 2274 Vestem?

306 2310 364 2372 quid
372 2319 425 2360 tum
436 2314 538 2374 postea?

242 2404 302 2450 Par·
321 2402 368 2450 Pro
379 2401 424 2449 illo
435 2409 460 2449 te
471 2401 566 2449 ducam.
604 2404 646 2450 Ch.
663 2402 753 2451 Audio.
786 2406 846 2451 Par.
864 2404 901 2451 Te
909 2416 962 2451 esse
973 2402 1043 2451 illum

308 2491 394 2539 dicam.
431 2492 474 2539 θλ.
493 2490 614 2552 intelligo.

243 2584 302 2630 Por.
320 2582 359 2629 'In
372 2579 421 2629 illis
444 2580 527 2628 fruare
545 2579 693 2641 commodis,
714 2580 801 2641 quibus
816 2589 844 2629 tu
858 2581 928 2630 illum
945 2581 1041 2633 dicebm

307 2671 394 2720 modo:
1015 2723 1017 2725 ,

243 2761 332 2811 Cibum
345 2773 394 2825 una
404 2759 495 2823 capias,
511 2758 586 2819 adsis,
602 2766 697 2819 tangas,
710 2760 792 2821 ludas,
809 2768 909 2825 propter
920 2760 1040 2811 dormias:

243 2849 446 2911 Quandoquidem
462 2849 562 2897 illarum
581 2862 661 2909 neque
679 2855 704 2897 ne
721 2849 850 2912 quisquam
869 2850 946 2913 novit,
965 2864 1044 2915 nequo

308 2938 355 2987 scit
362 2920 405 3000 ¹qui
416 2938 475 2987 sien.

244 3026 366 3074 Preterea
377 3022 475 3087 liorma,
496 3034 521 3075 et
539 3034 597 3075 aetas
614 3025 708 3089 ipoa’st,
725 3028 796 3078 facile
814 3037 842 3079 ut
858 3044 903 3094 pro
920 3031 1042 3080 Eunucho

307 3116 404 3177 probes.
