2459 3800
395 496 506 550 AC'PUS
524 500 566 549 1v.
603 497 715 547 SCENA
733 499 765 548 ll.
929 499 977 548 327

134 692 137 697 Δ
175 639 221 689 ct.
238 639 311 695 Quod
321 639 421 703 quidem
431 657 470 691 me
477 634 569 693 iactum
577 643 677 694 consilii
687 643 811 693 incertum
824 642 884 692 iacit
898 663 905 694 r

173 728 237 777 Nam
250 730 313 779 hanc
323 730 489 781 conditionem
502 732 523 781 si
534 733 574 781 cui
584 733 666 781 tulero
677 731 786 781 extrario
799 750 808 794 3

177 818 233 871 Quo
244 826 325 881 pacto,
337 827 379 869 eut
387 820 452 870 unde
464 822 524 869 mihi
536 822 579 881 uit,
590 820 720 870 dioendum
731 821 860 870 ordine’tt.

174 906 212 953 'l'e
222 908 284 956 milri
295 908 393 959 fidelem
405 923 458 959 esse
469 924 548 973 aeque,
561 919 634 973 atque
645 917 742 972 egomet
752 924 808 959 uum
817 907 913 970 milri,-

173 998 271 1048 Scibam
284 1020 290 1051 r
307 1000 350 1050 ille
363 1002 384 1050 si
395 1015 434 1051 me
445 1002 541 1051 alienus
552 1003 651 1050 affinem
660 1002 737 1062 volet,

174 1088 286 1149 Tacebit,
297 1090 356 1139 dum
366 1090 500 1140 intercedet
511 1091 665 1140 familiaritas
678 1113 684 1141 ι

172 1176 217 1225 sin
229 1178 347 1241 spreverit
358 1194 408 1239 me,
420 1181 485 1243 plus,
497 1194 570 1242 quam
581 1194 644 1243 opus
653 1188 692 1229 eet
701 1180 774 1242 seito,
785 1178 862 1245 uciet3

176 1267 327 1329 Vereorque,
338 1280 369 1316 ne
381 1281 444 1316 uxor
455 1268 536 1329 aliqua
545 1269 593 1317 hoc
605 1269 721 1318 rescierat
732 1283 796 1319 mea.

174 1354 248 1409 Quod
260 1354 281 1403 si
292 1354 338 1417 fit3
352 1350 384 1404 'ut
395 1370 433 1405 ure
445 1356 578 1417 excutiam,
591 1364 664 1418 atque
675 1358 786 1419 egrediar
797 1359 882 1419 domo,

176 1443 205 1491 Id
217 1450 306 1493 restat:
325 1457 382 1492 nem
392 1459 437 1506 ego
448 1459 560 1493 meorum
571 1447 639 1494 solue
650 1461 705 1494 sum
717 1462 794 1497 mene.

176 1534 224 1580 De.
241 1532 299 1581 Scio
307 1533 341 1582 ita
352 1548 404 1583 esee
418 1555 424 1583 ι
441 1542 467 1583 et
478 1534 545 1583 istaec
557 1535 618 1584 mihi
629 1551 669 1584 res
681 1536 886 1587 sollicitudini’et:

178 1622 264 1683 Neque
275 1621 336 1671 odeo
347 1622 475 1672 defetiscar
484 1637 592 1686 unquam
604 1624 750 1687 experirier,

178 1711 263 1759 Donec
274 1711 318 1760 tibi
329 1712 365 1773 id,
377 1713 444 1775 quod
454 1714 580 1776 pollicitus
590 1729 658 1776 eum,
670 1716 783 1765 effecero.

396 1947 506 1996 ACTUS
525 1947 566 1995 lv.
605 1947 717 1996 SGENA
734 1947 767 1995 ll.

536 2061 616 2109 Gerr.

178 2161 236 2209 Eoo
247 2159 374 2210 hominem
383 2161 536 2211 callidiorem
546 2162 595 2211 ridi
606 2162 744 2223 neminem,

177 2251 259 2303 Quem
271 2249 446 2299 Phormionem
459 2270 464 2299 ι
482 2250 553 2300 venio
565 2252 596 2300 ed
607 2251 746 2313 hominem,
758 2260 785 2301 ut
795 2253 914 2313 dicerem,

177 2339 314 2399 Argentum
325 2352 386 2401 opus
395 2352 458 2399 esse,
470 2347 496 2388 et
507 2339 531 2388 id
543 2354 592 2400 quo
603 2348 674 2402 pacto
685 2341 763 2390 lieret.

178 2424 227 2474 Vix
238 2424 298 2474 dum
309 2425 438 2475 dimidium
449 2427 570 2486 dixeram,
582 2427 756 2477 intellexerat:

178 2514 321 2564 Gaudebat:
340 2528 379 2562 ure
390 2514 518 2564 laudabat:
537 2516 661 2576 quaerebat
671 2530 755 2565 renem
769 2535 776 2565 ε

178 2603 224 2653 Die
234 2603 325 2666 gratiae
336 2606 432 2665 agebat,
444 2613 540 2668 tempus
550 2604 596 2653 eibi
607 2605 673 2664 dari,

178 2693 229 2743 Ubi
241 2692 360 2742 Phaedrie
371 2707 397 2742 se
408 2687 549 2742 ostenderet
560 2693 639 2741 nihilo
650 2694 733 2743 minus

177 2781 293 2831 Amicum
304 2795 367 2842 esee,
377 2795 450 2844 quarn
462 2780 614 2844 Antiphoni:
627 2781 751 2830 hominem
762 2783 793 2831 nd
805 2783 886 2833 iorum

177 2870 248 2920 lusui
258 2871 365 2935 opperiri
377 2893 383 2921 r
402 2886 431 2920 eo
443 2886 481 2921 me
493 2886 546 2921 esse
558 2870 721 2920 adducturum
733 2886 826 2922 renem.

178 2959 229 3010 Sed
240 2975 323 3009 eccum
334 2961 414 3024 ipsum
428 2978 433 3007 :
446 2960 501 3023 quie
512 2967 551 3009 ent
560 2959 685 3008 ulterior?
703 2966 755 3008 atet
767 2961 885 3011 Phaedriae

181 3051 254 3098 Pater
264 3049 346 3098 veuit:
362 3051 408 3100 red
423 3051 482 3113 quid
492 3049 608 3114 pertimui
619 3056 702 3097 autem
715 3049 797 3098 bellua
808 3051 818 3097 i

179 3138 220 3186 An
232 3136 299 3200 quia,
310 3153 371 3202 quoe
384 3139 481 3201 sellum,
493 3154 538 3204 pro
551 3153 601 3188 uno
611 3139 661 3188 duo
672 3145 731 3188 eunt
741 3138 804 3187 milri
814 3138 887 3188 deti?
