2459 3800
244 503 293 550 23⁰
458 504 486 551 P.
501 502 663 554 'FERENTII
679 503 837 554 ADELPHI.

245 647 274 695 ln
283 645 367 694 animo
378 659 434 696 vere
445 645 563 707 cogitare,
574 649 678 709 Demea,

243 734 276 783 Et
288 734 361 795 mihi,
373 743 399 783 et
410 734 466 796 tibi,
476 742 502 784 et
512 735 563 784 illis
573 736 692 786 demseris
703 734 852 785 molestiam.

243 825 292 871 De.
308 821 384 871 Mitto
395 837 463 872 rem:
480 825 682 874 consuetudinem
693 825 810 888 ipsorum.
844 827 894 874 Me.
909 825 1003 887 Msne;

212 961 215 968 ,
244 911 318 961 Scio:
336 911 399 960 istuc
410 911 484 961 ibam.
496 914 578 961 Multo
588 913 614 961 in
625 913 736 974 homine,
748 916 851 976 Demea,
952 928 954 932 ·

242 999 319 1062 Signa
327 1001 423 1061 insunt,
433 1015 465 1049 ex
476 1001 564 1063 quibus
576 1004 719 1064 conjectura
730 1003 802 1052 focile
812 1003 850 1064 fit,

241 1089 299 1139 Duo
310 1104 386 1152 quum
397 1088 462 1138 idem
474 1089 578 1152 iaciunt,
589 1096 653 1154 ssepe
664 1099 693 1140 ut
703 1091 780 1155 possis
792 1091 885 1152 dicere,

242 1182 297 1230 Hoc
308 1180 366 1230 licet
376 1180 476 1244 impune
486 1181 567 1229 fucere
576 1181 646 1242 huie,
657 1180 755 1229 illinon
766 1180 836 1230 lieet:
869 1235 871 1241 k

243 1273 301 1321 Non
312 1271 377 1333 quod
388 1269 515 1321 dissimilis
526 1285 566 1319 res
579 1270 622 1332 sit,
634 1269 676 1320 sed
687 1270 753 1334 quod
764 1270 784 1319 is
796 1269 838 1333 qui
846 1269 913 1319 iecit.

242 1362 304 1416 Quse
315 1375 360 1422 ego
368 1359 419 1408 iilis
430 1359 510 1409 inesse
521 1359 601 1420 video,
614 1367 642 1409 ut
652 1360 774 1409 confidem
786 1361 851 1421 fore,

241 1451 281 1499 its
290 1457 320 1499 ut
328 1449 457 1498 volumus:
476 1447 546 1497 video
556 1462 652 1512 sapere,
664 1447 812 1510 intelligere,
824 1448 851 1497 in
859 1445 915 1498 l'oco

226 1537 338 1599 vereri,
350 1537 415 1586 inter
423 1550 450 1585 se
457 1549 554 1586 amare:
572 1536 635 1586 seire
646 1544 685 1586 est
695 1537 802 1586 liberum

243 1626 372 1688 Ingenium
382 1633 455 1688 utque
465 1625 575 1675 animum
587 1647 593 1676 ι
612 1639 662 1689 quo
670 1625 707 1674 vis
718 1625 775 1676 illos
786 1633 813 1674 tu
825 1625 865 1675 die

241 1716 361 1768 Reduees.
376 1717 411 1764 At
420 1715 486 1763 enim
499 1723 603 1776 manus,
613 1729 646 1764 ne
657 1717 688 1764 ab
698 1730 725 1766 re
735 1716 785 1764 sint
792 1723 876 1765 tumen

242 1804 392 1856 Omissiores
401 1809 483 1870 paulo.
500 1806 523 1855 0
535 1814 618 1857 noster
630 1809 736 1868 Demea,
836 1871 838 1878 X
914 1837 919 1848 -

240 1894 281 1945 Ad
291 1895 377 1945 omnia
386 1897 435 1947 alia
444 1905 515 1947 aetete
525 1897 633 1960 sapimus
644 1883 748 1947 rectius:

241 1986 327 2035 Solum
340 2001 418 2035 unum
429 1988 476 2036 hoc
487 1988 572 2036 vitium
584 1984 695 2037 senectus
707 1987 777 2035 affert
787 1986 939 2048 hominibus,

240 2075 392 2125 Attentiores
401 2090 485 2126 sumtu
497 2077 591 2126 adrem
603 2090 701 2138 omnes,
713 2091 786 2140 quam
799 2086 836 2127 sat
846 2084 898 2126 est!

241 2164 315 2220 Quod
326 2164 384 2215 illos
394 2174 433 2214 sat
443 2173 502 2215 aetas
512 2174 591 2215 noun.
624 2170 673 2216 De.
689 2162 729 2228 [Ne
740 2160 845 2215 ninnium
857 2162 933 2215 nnodo

240 2256 318 2304 Bone
327 2262 376 2304 tuae
387 2255 440 2306 lstae
452 2270 497 2305 nos
509 2256 629 2317 rationes,
640 2256 728 2316 Micio,

240 2345 273 2394 Et
285 2351 341 2393 tuus
350 2343 397 2394 iste
407 2344 504 2393 enimus
515 2359 598 2407 oequus
609 2346 743 2395 subvortst.
776 2346 823 2394 Mi.
839 2346 904 2395 Tace
915 2365 923 2408 3

243 2436 301 2483 uon
314 2434 369 2483 nee
389 2413 463 2485 'mute
470 2436 523 2496 jam
535 2428 619 2485 nne}
637 2434 789 2485 sannone
796 2435 871 2485 mnu

240 2523 355 2586 Exporge
364 2525 480 2575 frontem.
513 2526 562 2573 De.
579 2522 689 2585 Scilicet,
703 2524 740 2573 ite
749 2532 846 2588 tempus
856 2525 915 2585 fert,
987 2546 989 2553 ¹

241 2612 442 2663 Faciundum’st:
459 2621 573 2663 ceterum
586 2627 629 2663 rus
639 2606 694 2662 eres
706 2628 762 2662 cum
772 2613 825 2662 filio

242 2703 307 2751 Cum
317 2702 398 2765 primo
409 2703 467 2751 lucu
478 2702 519 2752 ibo
529 2702 598 2752 hince
630 2702 676 2750 Mi.
693 2703 774 2750 immo
782 2701 813 2750 de
826 2709 898 2751 noete
909 2714 1013 2751 censeot

243 2791 323 2841 Hodie
335 2791 409 2841 niodo
420 2791 527 2841 hilarum
538 2791 577 2840 ise
588 2798 622 2839 te.
654 2793 702 2841 De.
718 2792 751 2840 Et
762 2791 832 2841 istem
844 2790 970 2855 psalniam
987 2798 991 2805 ’

242 2881 301 2929 Una
312 2879 372 2929 illue
382 2894 479 2929 meeum
487 2880 545 2929 hinc
555 2879 703 2931 abstrahant.
736 2874 791 2928 Mt(
801 2870 958 2942 Puknsveris.

241 2970 279 3017 Eo
290 2976 360 3031 pacto
371 2982 484 3032 prorsum
496 2968 547 3017 iliic
558 2967 666 3030 alligaris
676 2968 764 3017 tilium.

242 3058 320 3106 Modo
329 3056 413 3118 facito,
424 3066 453 3107 ut
464 3057 532 3108 illum
544 3072 634 3107 serves.
666 3061 715 3107 De.
732 3060 786 3121 Ego
794 3058 857 3109 istuc
868 3058 967 3109 videro:

244 3148 325 3209 Atque
335 3145 373 3197 illi
384 3146 474 3197 iaviilae
485 3148 567 3211 plena,
578 3146 651 3210 fumi,
663 3162 691 3199 oo
699 3147 810 3211 pollinis,
