2459 3800
413 439 525 489 AOE'US
543 442 586 489 lV.
619 440 730 493 scuNA
742 440 776 493 ll.
962 452 993 501 9³

184 574 292 626 Militem
301 586 381 640 rogat,
388 588 416 629 ut
426 580 498 629 illum
506 581 604 631 admitti
608 584 709 643 iubeat:
721 585 763 634 ille
774 585 893 637 continuo
902 589 990 641 irasci:

187 664 273 727 Neque
283 680 372 728 negare
386 670 486 719 audere.
517 671 596 720 'llnals
614 687 689 735 porro
702 673 804 737 instare,
816 685 844 726 ut
860 678 988 730 hominem

251 753 346 805 invitet

186 839 215 888 ld
226 840 330 891 faciebat
343 844 468 893 retinendi
478 846 545 897 illius
558 862 646 899 neusa:
664 851 722 913 quia
740 852 794 913 illa,
806 868 860 915 qum
877 856 992 919 cupiebat
1051 918 1061 930 .

184 930 222 977 De
233 944 318 980 sorore
329 934 382 992 eJ'us
393 933 512 995 indidere,
523 936 555 985 ad
565 952 620 987 eam
632 954 686 987 rem
698 948 794 1006 tempus
806 958 856 993 non
867 953 929 994 erat.

185 1016 275 1067 lnvitat
281 1018 372 1068 tristis:
391 1022 496 1072 mansit:
510 1024 544 1073 ibi
556 1024 601 1073 illa
609 1042 666 1075 cum
676 1028 721 1078 illo
732 1045 872 1081 sermonem
883 1034 989 1097 occipiez

185 1107 260 1157 Miles
270 1123 328 1159 vero
335 1111 383 1160 sibi
393 1120 481 1175 putare
491 1114 622 1165 adductum
635 1128 692 1168 unte
704 1123 789 1171 oculos
801 1126 929 1187 emulum,

183 1198 270 1248 Voluit
280 1200 360 1251 iacere
370 1210 458 1253 conte
471 1204 528 1258 huie
541 1220 614 1267 egre.
634 1209 713 1269 Heus,
726 1210 816 1273 inquit,
831 1228 901 1276 puer,
913 1217 987 1265 Pam·

249 1288 341 1350 philam

183 1374 298 1439 Arcesse,
310 1386 339 1428 ut
348 1378 452 1429 delectet
468 1381 509 1430 hic
521 1396 575 1431 nos.
593 1383 641 1431 llla
651 1384 785 1446 exclamat,
801 1386 908 1439 Minime
923 1404 982 1452 gen-

250 1464 326 1517 tium:

183 1553 213 1600 ln
224 1552 361 1603 eonvivinm
372 1556 460 1605 illum?
486 1558 561 1608 Miles
571 1560 673 1609 tendere
684 1560 741 1610 inde
752 1562 784 1611 ad
791 1564 909 1625 jnrgium.

184 1643 281 1692 Interea
296 1658 383 1693 eurum
400 1646 447 1695 sibi
460 1647 524 1696 elam
542 1649 631 1699 mulier
651 1650 742 1699 demit:
761 1651 803 1701 dat
819 1653 881 1703 mihi
898 1662 927 1704 ut
940 1669 986 1704 au·

250 1732 337 1781 feram.

183 1821 238 1872 Hoc
250 1828 288 1871 est
297 1821 372 1884 signi,
383 1823 426 1872 ubi
436 1824 544 1887 primum
555 1825 656 1889 poterit,
667 1841 694 1877 se
705 1828 774 1879 illinc
785 1830 913 1894 subducet,
925 1834 987 1885 seio.

397 2051 509 2101 ACTUS
526 2052 569 2100 lV.
602 2052 713 2104 SCENA
730 2057 762 2104 ll.

511 2155 649 2202 Punnnu.

181 2265 244 2313 Duu
255 2279 298 2313 nn
309 2278 349 2325 eo,
360 2265 423 2327 eoepi
434 2272 531 2326 egomet
541 2281 638 2316 mecum
648 2268 713 2318 inter
729 2269 791 2332 vias,

182 2355 221 2402 lte
230 2360 260 2402 ut
270 2354 309 2415 fit,
319 2352 362 2402 ubi
372 2353 432 2416 quid
441 2353 466 2403 in
477 2354 561 2404 animo
571 2363 610 2405 est
622 2357 751 2418 molestiae,

182 2441 266 2491 Alium
278 2456 332 2492 rem
342 2456 374 2490 ex
384 2442 433 2491 alia
443 2443 561 2504 cogitnre,
576 2452 601 2494 et
612 2455 642 2494 es
652 2445 738 2494 omnia
748 2446 774 2494 in

184 2533 297 2593 Peiorem
308 2538 413 2596 partem
441 2532 507 2587 Quid
526 2547 587 2596 opus
598 2543 637 2584 est
649 2534 728 2584 verbis
742 2538 751 2583 ἓ
779 2535 838 2584 dum
850 2537 902 2588 hec
914 2548 985 2602 puto,

183 2622 293 2672 Preterii
304 2622 446 2687 imprudens
457 2616 541 2672 villam
553 2645 559 2673 :
581 2625 655 2685 longe
663 2625 715 2685 jem
728 2623 847 2686 abieram,

184 2713 246 2762 Cum
259 2712 323 2761 sensi
335 2734 341 2762 ι
356 2711 429 2762 redeo
439 2727 549 2772 rursm,
560 2714 625 2762 mule
637 2727 694 2761 vero
703 2727 743 2762 me
754 2714 853 2766 habeus.

120 2787 125 2794 ’
185 2801 371 2864 nummum
384 2801 439 2851 veni
447 2801 628 2862 diversoum,
640 2800 749 2850 consuti.

184 2887 274 2953 Occepi
282 2903 380 2938 meeum
390 2889 512 2950 cogitare:
532 2891 610 2939 Hem!
630 2888 729 2939 biduum
742 2890 782 2938 hie

182 2977 370 3029 Manendum'st
379 2977 427 3028 soli
438 2978 492 3026 siue
502 2977 547 3026 illa
560 2981 570 3027 ἓ
590 2978 648 3040 quid
659 2985 712 3026 tum
724 2985 809 3041 postea
820 2980 830 3027 i

187 3066 257 3117 Nihil
267 3076 306 3118 est
318 3069 328 3116 ,²
346 3067 406 3131 quid
418 3069 429 3117 ἓ
448 3066 528 3116 nihil?
546 3066 568 3116 si
578 3082 629 3116 non
642 3067 757 3129 tangendi
765 3067 836 3132 copia
847 3075 894 3130 est,
