2459 3800
457 425 463 452 i

388 525 501 577 ACTUS
519 528 549 575 V.
589 530 701 579 SCENA
718 532 760 580 1v.
936 533 985 581 339

179 667 237 717 Viu'
249 666 307 716 satis
319 666 447 731 quesitum
457 667 518 716 mibi
529 668 591 719 istuc
602 685 655 720 esse
667 673 677 720 ‚²
697 685 751 732 age,
765 671 824 719 fiat:
842 669 901 733 quid
913 672 923 718 ?
943 670 987 718 illa

246 757 297 806 filia
360 823 363 827 .
898 813 905 824 x

179 845 260 895 Amici
281 846 369 907 nostri,
389 847 448 909 quid
460 849 622 898 suturum’st?
667 849 710 898 Ob.
728 854 810 902 Recte.
850 854 898 900 De.
917 852 988 899 Hanc

244 935 318 996 igitur
331 935 453 984 mittimus
467 939 476 985 ?

181 1023 223 1071 cb.
242 1023 352 1078 Quidni?
388 1026 435 1073 De.
454 1025 631 1074 Illamaneat?
670 1025 713 1073 Gla.
732 1024 782 1074 Sic.
816 1026 865 1072 De.
884 1023 921 1072 ire
934 1023 980 1085 igi-

244 1119 284 1160 tur
294 1111 340 1160 tibi
350 1111 419 1173 licet,
432 1113 594 1162 Nausistrata.

179 1201 229 1248 Na.
246 1200 286 1249 Sic
298 1202 339 1262 pol
350 1201 503 1250 commodius
517 1216 571 1252 esse
593 1201 620 1249 in
640 1200 722 1250 omnis
732 1201 849 1262 arbitror,
873 1215 946 1263 quam
957 1210 986 1251 ut

246 1302 364 1352 coeperas,

179 1377 281 1426 Manere
291 1377 368 1426 hane:
387 1393 444 1426 nam
454 1376 606 1441 perliberalis
618 1377 712 1437 risa'st,
725 1391 801 1438 quum
812 1375 872 1436 vidi,
884 1377 953 1424 mibi.

182 1468 231 1514 De.
248 1466 314 1520 Quid
325 1466 387 1515 istuc
407 1466 542 1528 negoti'st?
580 1466 624 1514 cn.
639 1466 730 1514 iamne
752 1464 849 1527 operuit
866 1465 982 1513 ostium?

246 1558 294 1604 De.
310 1557 377 1605 dam.
414 1557 458 1604 oi,
477 1553 648 1618 OJuppiteri

184 1643 216 1691 Di
227 1658 272 1693 uos
284 1644 435 1706 respicient:
453 1652 552 1704 gnatam
572 1640 656 1692 inveni
677 1649 778 1706 nuptam
795 1656 852 1690 cunr
872 1649 915 1690 tuo
926 1642 987 1692 filio.

247 1733 296 1780 De.
314 1732 393 1779 Hem!
751 1717 754 1720 ⁴

184 1821 241 1874 Quo
252 1827 323 1882 paeto
334 1820 359 1867 id
371 1819 467 1882 potuit?
505 1821 548 1868 cb.
565 1821 623 1868 Non
636 1819 695 1869 satis
706 1827 774 1868 nitus
786 1828 824 1869 est
834 1821 865 1869 ad
881 1834 986 1869 ouran-

250 1909 309 1957 dum
320 1909 361 1957 hic
369 1910 447 1958 locus.

185 2003 233 2048 De.
249 2002 284 2050 At
294 2008 321 2049 tu
332 2000 371 2049 abi
382 2000 456 2049 iutro.
491 2002 534 2050 Ob.
553 2003 631 2062 Heus,
643 2015 674 2050 ne
687 2000 732 2050 filii
742 2001 839 2064 quidem
849 2003 928 2052 nostri
938 2003 986 2052 hoc

250 2088 390 2151 resciscant,
401 2091 466 2139 volo.

410 2307 521 2357 AcTUs
537 2308 568 2356 V.
601 2309 712 2358 SCENA
731 2310 772 2359 iv.

523 2421 657 2469 Aurrrno.

189 2516 281 2565 Larus
293 2521 394 2575 sum‚ut
405 2528 466 2563 mere
486 2528 526 2563 res
537 2528 591 2563 sese
601 2514 703 2574 habent,
711 2512 783 2562 fratri
796 2510 912 2573 obtigisse
924 2513 991 2575 qnod

251 2605 310 2652 volt.

190 2693 269 2746 Quam
279 2692 410 2752 scitum'st,
422 2690 541 2753 ejusmodi
551 2703 638 2753 parere
648 2690 674 2739 in
684 2690 768 2740 animo
780 2689 943 2752 cupiditatem

192 2784 270 2842 Quas,
282 2796 358 2843 quum
371 2796 410 2830 res
422 2781 530 2830 advorsae
543 2780 619 2841 sient,
631 2780 705 2843 paulo
716 2780 809 2828 mederi
820 2780 915 2842 possis!

191 2869 238 2917 Hie
247 2869 321 2919 simui
333 2877 459 2930 argentum
472 2867 591 2931 repperit,
602 2882 663 2916 cura
673 2882 726 2916 sese
736 2866 877 2930 expedivit:

191 2956 243 3016 Ego
252 2956 322 3004 nullo
334 2969 434 3018 possum
445 2943 605 3005 remedio'me
615 2955 728 3003 evolvere
740 2969 772 3002 ex
782 2954 821 3003 bis
833 2954 921 3014 turbis,

193 3044 258 3098 Quin
270 3044 291 3093 si
301 3045 349 3092 hoc
358 3046 462 3105 celetur,
474 3044 499 3093 in
513 3052 580 3093 metu
594 3064 600 3093 2
618 3044 656 3096 sin
668 3044 762 3107 patefit,
773 3044 799 3091 in
812 3044 902 3106 probro
913 3041 968 3090 sim.

192 3133 278 3194 Neque
290 3146 328 3179 me
341 3131 442 3181 domum
454 3147 520 3181 nunc
531 3132 675 3198 reciperem,
687 3131 713 3181 ni
724 3131 788 3181 mihi
800 3139 864 3181 esset
875 3144 931 3193 spes
950 3144 990 3178 os·

258 3231 329 3273 tensa
