2459 3800
244 464 291 511 llo
439 464 466 512 P.
482 458 642 513 TERENTII
660 458 858 513 EUNUCHUS.

243 603 308 652 Num
322 609 350 653 ut
359 601 466 664 mitium,
475 602 541 665 quod
551 602 575 652 ei
585 616 695 652 amorem
706 599 888 661 difficillimum,
899 606 925 647 et

244 690 405 741 Carissimum
416 693 447 740 ab
457 691 585 741 meretrice
594 704 680 741 avara:
697 688 817 751 virginem

246 783 326 836 Quum
338 783 446 843 mahat,
456 796 511 830 eom
522 782 618 832 conieci
630 781 682 831 sine
693 781 816 841 molestia,

244 868 303 918 Sine
314 876 407 930 sumtu,
418 870 473 919 uine
482 869 624 933 dispendio:
643 878 697 919 tum
709 871 756 919 hoc
765 871 882 931 alterum,

244 958 273 1006 ld
284 960 377 1007 vero’st
385 958 450 1020 quod
459 972 504 1020 ego
514 958 578 1007 mihi
588 967 648 1024 puto
658 960 816 1023 palmarium,

243 1046 425 1109 Memnonem,
436 1060 485 1109 qno
497 1048 572 1097 modo
581 1048 779 1098 adolescentulus

245 1137 407 1187 Meretricum
417 1139 516 1201 ingenia
526 1147 551 1187 et
561 1154 643 1189 mores
654 1147 737 1203 posset
747 1152 849 1189 noscere
859 1158 866 1187 ε

244 1228 343 1276 Mature
353 1236 382 1278 ut
389 1243 465 1292 quum
474 1228 597 1290 eognorit,
609 1236 726 1293 perpetuo
737 1227 826 1277 oderit.

245 1317 306 1372 Quae
316 1316 376 1366 dum
387 1316 448 1366 forie
458 1325 526 1379 eunt,
537 1317 601 1366 nihil
609 1317 706 1367 videtur
717 1316 844 1377 mundius,

219 1455 221 1463 A
244 1408 297 1456 Noc
307 1407 384 1469 magio
393 1409 556 1471 compositum
567 1407 709 1470 quicquam,
722 1421 767 1457 nec
779 1406 856 1468 magis
866 1407 978 1467 elegans:

244 1496 316 1555 Quae,
327 1509 384 1544 cum
395 1503 504 1545 amatore
515 1510 561 1544 suo
577 1510 654 1558 quum
665 1502 773 1555 coenant,
783 1486 911 1557 liguriunt.

245 1584 341 1632 Harum
350 1584 434 1633 videre
443 1584 564 1643 illuviem,
575 1584 671 1646 sordeo,
683 1584 802 1648 inopiam,

244 1673 325 1728 Quam
335 1672 471 1723 inhonem
483 1674 542 1721 sole
553 1673 603 1722 nint
613 1673 691 1735 domi,
701 1680 773 1737 atque
785 1672 860 1722 avidoe
870 1671 918 1721 cibi
929 1693 935 1723 ι

244 1763 300 1816 Quo
312 1769 383 1825 puoto
392 1776 425 1809 ex
432 1764 490 1822 jure
500 1762 619 1810 hesterno
630 1776 718 1825 ponem
729 1768 810 1811 atrum
822 1768 910 1813 vorent
921 1782 926 1810 ι

244 1852 324 1901 Nosse
334 1850 419 1900 omnia
427 1852 490 1912 hec,
501 1852 567 1900 salue
576 1850 818 1902 eotudolesoentulio.
874 1872 877 1879 ⁴

243 1943 291 2002 Pu.
307 1941 361 2001 Ego
371 1940 414 2002 pol
424 1947 450 1988 te
460 1954 505 2003 pro
516 1940 570 1989 iotis
581 1940 652 1990 dictis
665 1947 689 1989 et
699 1941 781 2002 factis,
792 1941 883 2001 scelus,

244 2025 373 2078 Ulciscor:
390 2036 420 2077 nt
430 2042 461 2077 ne
471 2029 609 2092 impunein
621 2043 666 2078 nos
678 2028 794 2079 illuseris.

244 2117 312 2167 Proh
321 2116 395 2167 fidem
404 2118 477 2168 deum
488 2121 495 2166 l
514 2118 608 2168 facinus
618 2120 720 2168 foedum.
737 2120 760 2169 0
770 2118 895 2171 infelicem
906 2117 1047 2170 edoleooen·

307 2208 388 2257 tulum
400 2211 407 2257 l
1015 2214 1018 2220 ’

244 2297 410 2348 Ooeeleotum
422 2300 603 2351 Parmenonem
615 2301 622 2346 !
641 2297 683 2360 qui
694 2297 770 2348 istum
780 2298 830 2345 huc
842 2293 951 2346 addimit.
986 2298 1046 2345 Par.

302 2385 375 2440 ‘Quid
385 2389 441 2435 eet?

242 2479 291 2538 Py.
307 2476 411 2525 Miseret
421 2491 475 2525 me:
493 2477 576 2542 itaque
588 2485 618 2527 ut
633 2492 664 2526 ne
681 2475 904 2538 viderem,mioera
914 2476 963 2526 huc
974 2474 1047 2538 effugi

308 2564 383 2614 forno.

243 2655 305 2708 Qun
326 2653 410 2704 sumre
428 2655 541 2717 exemplu
559 2654 646 2705 dieunt
666 2655 692 2705 in
712 2670 769 2705 eum
787 2652 908 2716 indigna?
944 2653 1045 2704 Pur.O

307 2741 433 2805 iuppiter,

244 2831 306 2884 Quae
325 2830 390 2879 illoeo
410 2832 534 2880 tnrbn’st?
564 2847 684 2882 numnam
706 2848 752 2896 ego
772 2832 856 2897 perii?
876 2831 958 2882 adibo.
979 2830 1046 2888 Quid

307 2917 380 2980 istuc,
393 2919 513 2983 Pythiae?
670 2931 673 2937 '
1010 2947 1012 2952 ·
1059 2907 1060 2912 ¹

212 2994 214 2997 ’
243 3006 309 3062 Quid
327 3007 381 3056 alo?
401 3008 432 3057 in·
445 3024 519 3072 quem
530 3012 735 3075 exemplafient?
771 3016 819 3074 Pil·
837 3011 950 3075 Rogitas,
968 3011 1045 3062 eude-

307 3095 426 3148 oiooime?
