2459 3800
449 1009 740 1071 PROLOGUS.

187 1303 329 1360 Posrpusn
342 1305 417 1354 Poeta
426 1305 504 1355 sensit
514 1306 660 1370 scripturam
670 1322 739 1358 suam

187 1393 227 1441 Ab
236 1391 327 1456 iniquis
337 1393 472 1456 observari,
482 1402 508 1444 et
518 1395 670 1446 adversarios

186 1484 282 1546 Rapere
292 1481 319 1532 iu
330 1485 438 1547 pejorem
449 1493 555 1547 partem,
565 1499 640 1547 quam
652 1484 731 1536 acturi
741 1501 826 1537 sumus
838 1509 844 1538 z

187 1570 282 1620 Indicio
293 1572 324 1620 dc
335 1586 362 1621 se
373 1572 425 1635 ipse
434 1573 498 1636 erit,
515 1588 558 1622 vos
568 1574 636 1624 eritis
643 1575 749 1636 Judices,

186 1657 291 1707 Laudin'
300 1671 333 1706 an
343 1657 403 1729 vitio
414 1659 470 1708 duci
480 1660 505 1708 id
513 1661 605 1709 factum
618 1669 737 1723 oporteat.
748 1707 752 1714 .

185 1749 439 1811 Synapothnescontes
450 1750 544 1813 Diphili
556 1751 731 1800 Comoedia'st:

186 1838 248 1886 Eam
258 1838 456 1888 Commorientes
469 1840 571 1889 Plautus
580 1840 640 1890 fecit
649 1842 768 1891 fabulam.

185 1930 214 1975 ln
226 1930 312 1978 Graeea
321 1930 463 1979 adolescens
475 1938 522 1992 est,
534 1932 576 1993 qui
587 1931 673 1980 lenoni
685 1932 775 1997 eripuit

184 2015 354 2078 Meretricem,
364 2017 390 2065 in
402 2018 482 2080 prima
492 2019 575 2068 fabula
588 2040 597 2082 3
612 2034 669 2069 eum
682 2022 783 2071 Plautus
794 2021 876 2070 locum

183 2104 293 2167 Reliquit
299 2105 437 2171 integruun:
456 2122 512 2157 eum
524 2107 565 2157 hic
575 2109 657 2157 locum
669 2110 758 2160 sumsit
765 2111 812 2160 sibi

182 2195 213 2243 ln
223 2193 360 2257 Adelphos,
371 2196 471 2245 verbum
483 2197 514 2245 de
522 2198 597 2246 verbo
606 2212 749 2261 expressum
762 2200 859 2249 exutlit.

181 2285 244 2333 Eam
253 2298 299 2333 nos
309 2285 387 2333 acturi
398 2299 483 2334 sumus
491 2300 579 2334 novam
590 2308 596 2337 ι
613 2288 761 2350 pernoscite,

182 2374 318 2422 Furtumne
330 2373 421 2421 factum
433 2373 592 2435 existimetis,
601 2389 634 2423 au
645 2377 729 2425 locum

180 2462 377 2525 Reprehensum,
388 2462 430 2524 qui
441 2463 580 2526 praeteritus
587 2464 775 2525 negligentia’st.

181 2552 247 2599 Nam
257 2550 325 2613 quod
335 2551 375 2599 isti
386 2551 472 2600 dicunt
482 2552 608 2613 malevoli,
621 2553 735 2603 homines
747 2552 842 2602 nobiles

179 2641 244 2689 Eum
254 2639 376 2701 adjutare,
386 2640 532 2702 assidueque
542 2654 593 2689 una
604 2641 711 2690 scribere
720 2660 726 2689 z
783 2646 788 2655 '

181 2729 255 2785 Quod
265 2730 303 2779 illi
314 2728 472 2779 maledictum
484 2731 616 2779 vehemens
628 2744 681 2779 csse
693 2729 846 2790 existimant,

179 2820 241 2867 Eam
252 2818 349 2868 laudem
361 2818 403 2867 hic
414 2818 481 2867 ducit
489 2818 624 2868 maximam
636 2839 644 2881 ;
661 2833 737 2881 quum
749 2818 799 2867 illis
808 2819 898 2883 placet,

179 2906 229 2961 Qui
239 2906 308 2957 vobis
317 2905 439 2955 universis
447 2914 472 2955 et
481 2908 574 2970 populo
582 2907 693 2969 placent3

178 2999 291 3051 Quorum
302 3009 377 3059 opera
386 2994 413 3044 in
424 2996 501 3056 bello,
513 2995 539 3044 iu
549 2995 612 3057 otio,
622 2995 648 3044 in
664 2996 774 3057 negotio,

180 3087 232 3136 Suo
243 3085 345 3149 quisque
353 3093 465 3150 tempore
473 3100 531 3136 usus
540 3093 579 3137 est
588 3085 642 3136 sine
652 3086 773 3151 superbia.
