2459 3800
392 521 766 572 ACTUSIV.scENA1v.
849 597 852 608 Ι
929 524 976 570 281
1022 545 1025 548 ·

180 662 251 710 Nunc
262 660 371 711 mimum
381 676 479 713 rursum
491 663 523 713 ud
531 665 685 714 meretricem
697 662 794 714 induxti
805 671 894 728 mnm3

179 748 225 799 Cui
236 756 263 798 iu
273 752 413 813 obscenum,
425 752 485 802 iccio
496 752 553 802 huic
563 752 626 801 odeo
636 752 753 814 injurium
763 770 771 803 e

178 839 243 887 Nam
252 838 278 887 in
287 840 389 889 eandem
398 841 473 891 vitem
483 848 508 890 oe
519 842 657 891 revolutum
667 842 748 891 denuo

177 925 256 975 Video
267 942 328 979 ecoe.
360 933 431 979 Pam.
449 932 523 979 Mene
535 932 544 979 ἓ
581 934 628 980 Lu.
644 932 682 980 Te
692 929 787 993 ipsum:
804 936 830 979 et
840 928 901 979 fucis
912 928 978 989 inju-

239 1014 301 1065 riam
311 1036 320 1079 3

177 1105 260 1157 Quum
271 1105 342 1167 fingis
354 1107 428 1157 falsas
439 1121 524 1158 caueae
535 1107 566 1157 ad
576 1107 734 1169 discordiam,

177 1194 213 1242 Ut
222 1208 279 1243 cum
289 1194 333 1244 illo
344 1196 419 1257 vivus,
431 1205 519 1247 tentem
529 1199 593 1247 hanc
605 1213 680 1260 quum
691 1199 736 1247 obe
745 1205 771 1247 oe
779 1197 908 1247 amoveris.

175 1280 304 1345 Sensitque
315 1284 376 1333 adeo
386 1300 462 1335 uxor:
482 1298 540 1335 nam
551 1286 574 1335 ei
585 1300 658 1335 cuum
666 1283 778 1348 alioqum
790 1286 849 1346 fuit,

176 1369 343 1421 Quamobrem
354 1373 397 1421 abe
408 1380 434 1421 oe
445 1373 544 1423 abiret?
580 1376 627 1423 Po.
645 1375 721 1423 Plane
737 1374 779 1423 bic
795 1373 903 1423 divinet:
921 1386 979 1421 nam

240 1458 266 1511 id
278 1468 323 1509 eoo.

177 1549 249 1596 Pom.
266 1548 336 1597 Dabo
353 1549 535 1611 J'uejuraudum,
558 1550 620 1599 nihii
640 1564 694 1599 eene
711 1551 827 1610 istorum,
846 1549 899 1599 cibi.
931 1551 980 1599 La.

239 1636 292 1698 Ab,

177 1724 261 1773 Reduc
272 1738 391 1775 uxorem=
410 1733 465 1786 uut,·
474 1727 633 1788 quemobrem
645 1740 696 1776 non
707 1740 769 1789 opus
780 1726 824 1785 eit,
834 1724 904 1774 cedo.

178 1815 249 1863 Pam.
266 1815 323 1863 Non
336 1822 375 1864 est
384 1828 450 1864 nnuc
460 1822 564 1879 tempus.
597 1818 645 1865 Lo.
662 1818 771 1865 Puerum
782 1814 902 1877 accipimur
920 1826 978 1863 uam

240 1902 261 1952 is
271 1903 369 1967 quidem

177 1993 207 2041 In
218 1993 290 2056 culpa
301 2008 352 2042 non
363 2001 415 2043 eso:
433 2001 488 2057 posi
498 1994 529 2043 de
539 1995 722 2055 manevidero.
767 1978 771 1989 ¹

178 2083 249 2130 Pam·
267 2083 388 2132 Omnibus
399 2083 478 2132 modis
490 2085 564 2134 miser
575 2100 644 2134 sum:
662 2100 719 2147 nec,
730 2085 788 2148 quid
799 2099 880 2148 egum,
891 2084 958 2135 ocio:

176 2171 226 2220 Tot
235 2185 275 2220 me
286 2186 351 2221 nunc
363 2174 435 2222 rebuu
447 2173 565 2222 miserum
576 2175 701 2224 concludit
710 2183 787 2238 pater.

178 2259 259 2309 Abibo
270 2260 338 2322 hinc,
349 2275 455 2325 praesene
464 2263 562 2324 quando
574 2277 707 2325 promoveo
719 2277 805 2326 parum
816 2282 822 2311 ι

179 2349 244 2397 Num
254 2363 358 2412 puerum
368 2349 473 2411 iniussu,
484 2347 568 2410 credo,
579 2365 630 2399 non
642 2352 732 2400 tolient
741 2360 799 2400 meo
809 2371 818 2413 3

179 2435 318 2486 Praeoertim
330 2437 356 2485 in
368 2447 432 2486 ecre
444 2453 519 2500 quum
530 2437 563 2487 eit
571 2439 633 2488 mibi
644 2439 753 2500 adjutrix
764 2453 857 2488 socrus.

178 2525 226 2574 Lo.
243 2525 338 2586 Fugio?
356 2525 430 2574 hem!
449 2541 494 2576 nec
507 2527 636 2588 quicquum
647 2527 710 2577 certi
720 2527 853 2592 responden
862 2527 942 2577 mihi?
972 2538 975 2543 ⁴

179 2614 247 2661 Num
257 2613 303 2662 cibi
312 2613 408 2664 videtur
418 2629 471 2664 esse
481 2615 545 2679 apud
553 2618 624 2665 sese?
642 2617 696 2665 uine
707 2637 713 2666 :

179 2703 298 2762 Puerum,
311 2701 440 2766 Phidiprm,
454 2703 514 2751 mihi
530 2703 601 2764 cedo,
612 2718 657 2764 ego
668 2704 742 2752 ulam
774 2707 822 2753 Pi.
836 2705 963 2754 Maxume.

178 2790 236 2839 Nou
247 2789 339 2840 mirum
348 2790 406 2840 iecit
416 2805 480 2840 uxor
495 2805 559 2854 meu,
570 2791 590 2842 ei
600 2792 649 2841 hoc
659 2806 723 2854 aegre
735 2793 792 2842 tulit
801 2812 806 2841 ι

178 2880 277 2930 Amore
288 2881 404 2930 mmieree
415 2889 483 2944 eunt,
494 2895 545 2931 nou
556 2881 693 2932 iucile'haec
701 2883 791 2932 ierunt.

181 2970 314 3032 Propterea
323 2971 376 3019 hmo
386 2970 471 3020 iro'oo:
489 2985 547 3020 num
558 2970 610 3034 ipen
621 2969 730 3020 narravit
739 2969 811 3019 mihi.

180 3057 209 3106 ld
220 3071 265 3117 ego
276 3059 324 3107 hoc
331 3067 451 3122 praeeeuoe
461 3058 506 3110 tibi
518 3061 633 3110 nolebam
644 3059 726 3110 dicere
737 3080 744 3110 ι
758 3094 760 3097 -

181 3146 269 3209 Neque
280 3145 317 3196 illi
329 3148 457 3199 credebam
467 3148 564 3212 primo:
582 3163 649 3198 nunc
660 3164 718 3200 vero
729 3150 809 3214 pulum
819 3158 865 3200 eet.
908 3185 910 3188 ι
