2459 3800
265 477 314 524 3⁰2
473 475 674 526 P0TERENT11
692 475 861 527 Pttonntto.
930 523 933 528 .

265 611 340 675 rugo
351 612 404 676 ipsa
414 613 477 662 faeie
488 614 583 676 egregia
594 636 604 665 ι.
620 614 678 677 quid
688 615 769 663 verbis
779 615 883 678 opu'st?

265 705 410 754 Commorat
419 719 506 754 omnes
517 719 562 752 nos
574 723 579 752 :
597 704 632 754 ibi
642 704 760 760 contiuuo
769 705 890 770 Antipho,

264 793 377 843 Voltisne
385 807 469 856 eamus
482 794 578 844 visere?
596 795 670 854 alius,
683 795 790 856 Censeo,

263 882 372 932 Eamus:
387 882 433 931 due
445 897 490 932 nos
502 883 579 932 sodes.
598 885 675 944 lmus,
687 883 810 944 venimus,

262 969 388 1020 iuremus.
406 972 481 1032 Virgo
492 973 610 1034 pulchra!
629 980 655 1022 et
663 987 720 1034 .quo
731 972 807 1034 magis
819 971 923 1031 diceres,

263 1058 333 1107 Nihil
343 1059 427 1108 aderat
436 1060 569 1120 adjumenti
578 1061 609 1110 ad
622 1061 831 1123 pulchrinrdinem
841 1079 847 1108 ι

264 1147 373 1212 Capillus
385 1162 480 1211 passus,
494 1150 573 1200 nudus
584 1164 640 1212 pes,
648 1149 702 1212 ipsu
713 1150 827 1210 horrido,

262 1238 398 1299 Lacrumae,
410 1239 510 1289 vestitus
521 1240 611 1303 turpis:
629 1248 669 1300 ut,
681 1239 708 1288 ui
719 1239 755 1290 vis
765 1239 826 1288 boni

262 1328 291 1376 ln
302 1327 354 1391 ipsa
364 1328 456 1378 inesset
466 1329 556 1390 formo,
567 1331 620 1378 hoec
630 1330 736 1378 formum
749 1329 928 1391 extinguerent.

261 1416 318 1476 lile,
331 1417 373 1479 qui
384 1417 452 1468 illam
465 1420 562 1468 amabat
570 1418 707 1479 fidicinam,
719 1418 904 1478 tautummodo,

262 1507 337 1568 Setis,
350 1508 441 1571 inquit,
451 1509 560 1558 seite’st:
576 1518 661 1559 noster
671 1523 738 1558 vero.
771 1511 822 1558 Da.
839 1510 899 1558 dnm
910 1507 980 1570 scio;

261 1598 353 1646 Amare
363 1597 444 1660 coepit.
481 1600 523 1647 Ge.
541 1598 714 1662 Sein'·qnam?
732 1613 780 1661 qno
792 1598 890 1659 evadat,
902 1598 963 1648 vide.

262 1688 383 1738 Postridie
395 1690 426 1738 ad
437 1703 511 1738 snum
521 1698 586 1739 recta
598 1691 691 1754 pergitz
710 1691 832 1750 obsecrat,

262 1778 299 1827 Ut
309 1778 419 1839 sibiejus
430 1768 505 1828 faeiat
516 1778 611 1842 copiam
622 1799 628 1829 :
646 1778 691 1828 ilia
700 1779 767 1828 enim
779 1793 805 1828 se
814 1787 886 1841 negot
896 1795 902 1827 t

262 1868 347 1931 Neque
358 1883 415 1918 eum
426 1883 521 1932 reqnom
532 1869 567 1921 ait
578 1870 658 1921 fauere
669 1890 675 1921 ε
694 1869 763 1920 iilam
774 1869 852 1921 civem
863 1883 916 1921 esse
929 1869 1052 1931 Atticam,

261 1959 368 2018 Bonam,
380 1958 451 2007 bonis
463 1966 623 2021 prognatam:
641 1960 666 2009 si
674 1974 780 2009 uxorem
791 1960 860 2021 velit,

261 2048 324 2108 Lege
335 2047 360 2095 id
371 2045 445 2097 licere
457 2050 553 2097 faceret
572 2049 608 2099 sin
623 2049 705 2111 aliter,
715 2057 796 2111 negot.

260 2139 361 2198 Noster,
373 2138 431 2201 quid
441 2147 532 2200 ageret,
544 2140 638 2189 nescire
650 2160 658 2203 3
674 2148 700 2191 et
711 2140 780 2203 illum
791 2140 880 2189 dooere

261 2226 388 2290 Cupiebat,
399 2236 424 2276 et
434 2230 557 2277 metuebat
568 2231 695 2279 absentem
707 2239 810 2294 patrem.
846 2251 850 2260 =

259 2313 310 2359 Da.
328 2313 396 2372 Non,
408 2312 429 2362 si
441 2313 544 2363 redisset
554 2321 635 2377 pater,
646 2315 669 2364 ei
680 2315 777 2365 veniam
787 2314 876 2365 duret?

261 2402 303 2449 Ge.
321 2400 397 2451 illene
408 2401 542 2452 indotatam
554 2404 674 2466 virginem
685 2413 757 2467 atque
767 2405 901 2467 ignobilem

258 2490 335 2538 Daret
345 2488 400 2538 illi?
421 2506 546 2553 nunquam
558 2493 656 2543 iaceret.
689 2496 740 2543 Do.
754 2494 821 2550 Quid
831 2494 861 2544 tit
871 2491 996 2555 denique?

261 2580 304 2627 Ge.
321 2578 386 2633 Quid
398 2580 457 2629 tint?
477 2590 515 2630 est
527 2582 647 2644 parasitus
659 2582 758 2645 quidam
772 2582 901 2643 Phormio,

259 2668 341 2717 Homo
349 2669 475 2719 confidens
487 2692 493 2720 :
511 2671 563 2733 qui,
575 2673 647 2721 ilium
659 2671 690 2721 Di
703 2686 789 2721 omnes
800 2671 931 2737 perduint!

257 2758 309 2805 Da.
327 2757 392 2811 Quid
403 2758 423 2806 is
435 2758 512 2807 fecit?
550 2762 593 2810 Ge.
611 2764 665 2810 Hoc
675 2761 818 2823 eonsilium,
828 2760 895 2825 qnod
913 2759 1003 2822 dicam,
1015 2758 1065 2809 de·

322 2845 358 2896 dit
368 2867 374 2897 ε

258 2936 309 2982 Lex
320 2942 368 2995 est,
380 2944 409 2985 ut
417 2939 493 3000 orbe,
503 2940 545 3003 qni
554 2938 604 2989 sint
614 2954 703 3002 genere
713 2940 841 3003 proxumi,

258 3020 300 3071 Eis
313 3024 420 3075 nubant:
438 3035 464 3076 et
474 3029 532 3079 illos
543 3030 633 3081 ducere
643 3030 728 3080 eadem
738 3031 791 3080 hoe
802 3031 844 3079 lex
851 3031 933 3091 jubet.

258 3114 310 3177 Ego
317 3124 342 3165 te
354 3124 483 3180 cognatum
494 3118 585 3181 dicem,
597 3127 624 3169 et
636 3118 681 3169 tibi
691 3118 797 3169 scribens
810 3118 907 3167 dicam:

1215 1826 1217 1875 i

1213 1947 1219 2020 4
