2459 3800
400 481 513 532 ricTUs
531 483 576 531 111.
610 481 720 531 SCENA
738 482 771 530 ΙΙ.
932 481 980 532 ’321

311 791 448 838 Paroria.
480 791 575 838 Domo.
608 793 741 838 Arrrrflo.
775 790 855 838 Gara.

181 893 277 952 Domo,
293 891 351 940 audi
372 893 482 942 obsecro.
516 893 567 940 Do.
584 892 642 939 Non
662 890 745 940 audio.
778 894 824 940 Pir.
842 892 984 954 Parumper.

191 1021 192 1026 ,
245 982 294 1029 Do.
312 981 378 1035 Quin
387 981 474 1032 omitto
485 995 532 1030 me.
985 975 988 980 ’

181 1071 226 1118 Pi.
243 1068 309 1118 Audi
327 1070 391 1132 quod
412 1071 501 1120 dicam.
535 1075 585 1121 Do.
602 1075 638 1122 At
653 1071 720 1121 enirn
732 1070 814 1121 taeder'
825 1073 877 1132 jam
899 1070 984 1119 audire

247 1157 332 1206 eodem
344 1159 443 1208 millies.

181 1249 227 1296 Pi.
239 1249 273 1296 At
284 1263 350 1297 nuno
360 1249 450 1310 dicam,
462 1249 528 1312 quod
542 1251 656 1299 lubenter
666 1251 760 1300 audias.
793 1252 843 1298 Do.
864 1251 986 1311 Loquere,

249 1336 330 1385 audio.

183 1427 229 1474 Ph.
247 1427 381 1488 Nequeoto
391 1439 504 1486 exorare,
517 1433 545 1475 ut
554 1440 652 1474 maneas
660 1425 770 1475 triduum
779 1426 844 1474 hoo?
867 1439 916 1486 quo
925 1439 991 1473 nunc

252 1513 323 1564 abis?

185 1606 234 1653 Do.
252 1604 372 1664 Mirabar,
381 1603 402 1652 ai
413 1611 441 1652 tu
451 1603 512 1652 mihi
525 1603 655 1666 quicquam
667 1602 766 1650 afferres
776 1602 843 1650 novi.

184 1695 237 1744 Aa.
255 1693 313 1755 Hei,
331 1701 415 1742 metuo
426 1694 552 1754 lenonem,
571 1691 678 1753 nequid
696 1706 741 1740 suo
752 1701 808 1742 auat
827 1693 910 1756 capiri.
946 1695 989 1742 Ge.

252 1784 321 1832 Idem
332 1797 377 1843 ego
388 1789 480 1831 metuo.
667 1768 670 1774 ¹

185 1873 231 1920 ΡΙι.
249 1873 306 1920 Non
316 1869 377 1919 mihi
386 1869 486 1920 credis?
509 1872 559 1919 Do.
569 1869 708 1919 Harioiare.
734 1872 781 1919 Pi.
798 1869 842 1921 Sin
854 1871 927 1920 fidem
934 1870 988 1921 do?

251 1962 301 2008 Do.
319 1960 437 2009 Fabulae!

186 2048 232 2097 Pi.
250 2047 481 2106 Foeneratumismo
495 2045 641 2096 beneficium
652 2046 697 2096 tibi
715 2047 819 2109 pulchre
836 2047 909 2097 dicer.
942 2052 991 2097 Do.

254 2136 332 2197 Logi!
380 2198 383 2202 Ι

188 2228 234 2275 Pi.
252 2226 330 2275 Crede
348 2224 420 2286 mihi,
440 2224 553 2287 gaudebis
571 2226 638 2275 facto
656 2245 662 2276 :
679 2240 764 2274 verum
784 2226 867 2276 hercle
880 2227 927 2276 hoc
946 2236 993 2277 ert.

255 2320 304 2365 Do·
321 2315 470 2365 Somnium!

190 2409 237 2456 Pir.
254 2405 393 2469 Experire3
411 2420 461 2453 non
468 2413 505 2455 est
511 2405 622 2467 longum.
655 2407 705 2454 Do.
723 2404 877 2453 Cantilenam
889 2405 993 2455 eandem

256 2496 332 2545 canis.

191 2588 237 2635 Plr.
253 2586 292 2633 Tu
313 2582 375 2632 mihi
397 2590 525 2644 cognatus,
544 2590 571 2631 tu
590 2596 690 2645 parens,
712 2590 739 2631 tu
760 2581 864 2644 amicus,
886 2586 997 2632 tu-Do.

258 2673 331 2723 Garri
344 2673 428 2721 modo.

194 2765 240 2813 Pi.
255 2762 351 2812 Adeon'
364 2760 462 2823 ingenio
474 2767 499 2809 te
511 2774 564 2810 esse
576 2760 639 2809 duro
649 2760 722 2822 atque
732 2760 892 2822 inexorabili,
996 2758 999 2763 ’

195 2855 231 2902 Ut
242 2867 319 2914 neque
333 2849 509 2909 misericordia,
522 2862 601 2911 neque
614 2848 725 2913 precibus
737 2850 831 2899 molliri
841 2853 938 2913 queas?

195 2942 243 2989 Do.
260 2940 355 2989 Adeon’
368 2948 393 2988 te
404 2952 458 2988 esre
469 2938 644 2999 incogitantem
652 2947 725 2999 atque
735 2937 914 3001 impudentem,
926 2940 998 2989 Phae·

262 3030 327 3090 dria,

198 3121 234 3169 Ut
246 3119 378 3183 phaleratis
389 3118 461 3169 dictio
472 3118 546 3168 ducar
558 3132 608 3178 me,
620 3126 646 3167 et
656 3132 737 3167 meam
747 3118 831 3169 ductes
842 3118 946 3181 gratiis?

590 3222 607 3254 γ
