<?xml version="1.0" encoding="UTF-8"?>
<!DOCTYPE html PUBLIC "-//W3C//DTD XHTML 1.0 Transitional//EN"
    "http://www.w3.org/TR/xhtml1/DTD/xhtml1-transitional.dtd">
<html xmlns="http://www.w3.org/1999/xhtml" xml:lang="en" lang="en">
 <head>
  <title>
</title>
<meta http-equiv="Content-Type" content="text/html;charset=utf-8" />
  <meta name='ocr-system' content='tesseract 3.04.00' />
  <meta name='ocr-capabilities' content='ocr_page ocr_carea ocr_par ocr_line ocrx_word'/>
</head>
<body>
  <div class='ocr_page' id='page_1' title='image "./comoediaesexadf00zeungoog_0342.png"; bbox 0 0 2459 3800; ppageno 0'>
   <div class='ocr_carea' id='block_1_1' title="bbox 403 422 977 482">
    <p class='ocr_par' dir='ltr' id='par_1_1' title="bbox 403 422 977 482">
     <span class='ocr_line' id='line_1_1' title="bbox 403 422 977 482; baseline 0.021 -12"><span class='ocrx_word' id='word_1_1' title='bbox 403 422 514 473; x_wconf 79' lang='lat' dir='ltr'>AC&#39;l&#39;US</span> <span class='ocrx_word' id='word_1_2' title='bbox 533 424 562 471; x_wconf 84' lang='lat' dir='ltr'>V.</span> <span class='ocrx_word' id='word_1_3' title='bbox 597 424 705 475; x_wconf 84' lang='lat' dir='ltr'>SCENA</span> <span class='ocrx_word' id='word_1_4' title='bbox 725 428 746 476; x_wconf 91' lang='lat'>1.</span> <span class='ocrx_word' id='word_1_5' title='bbox 928 434 977 482; x_wconf 87' lang='grc'>333</span> 
     </span>
    </p>
   </div>
   <div class='ocr_carea' id='block_1_2' title="bbox 168 560 974 1700">
    <p class='ocr_par' dir='ltr' id='par_1_2' title="bbox 171 560 925 631">
     <span class='ocr_line' id='line_1_2' title="bbox 171 560 925 631; baseline 0.02 -22"><span class='ocrx_word' id='word_1_6' title='bbox 171 560 242 612; x_wconf 86' lang='lat' dir='ltr'>Dicat</span> <span class='ocrx_word' id='word_1_7' title='bbox 253 576 307 613; x_wconf 86' lang='lat' dir='ltr'>eam</span> <span class='ocrx_word' id='word_1_8' title='bbox 319 562 379 614; x_wconf 81' lang='lat' dir='ltr'>dare</span> <span class='ocrx_word' id='word_1_9' title='bbox 390 579 435 613; x_wconf 84' lang='lat' dir='ltr'>nos</span> <span class='ocrx_word' id='word_1_10' title='bbox 446 566 591 615; x_wconf 85' lang='lat' dir='ltr'>Phormioni</span> <span class='ocrx_word' id='word_1_11' title='bbox 603 574 718 631; x_wconf 80' lang='lat' dir='ltr'>nuptum,</span> <span class='ocrx_word' id='word_1_12' title='bbox 729 584 760 619; x_wconf 90' lang='lat' dir='ltr'>ue</span> <span class='ocrx_word' id='word_1_13' title='bbox 772 581 925 624; x_wconf 75' lang='lat' dir='ltr'>succenseat:</span> 
     </span>
    </p>

    <p class='ocr_par' dir='ltr' id='par_1_3' title="bbox 171 652 907 719">
     <span class='ocr_line' id='line_1_3' title="bbox 171 652 907 719; baseline 0.019 -20"><span class='ocrx_word' id='word_1_14' title='bbox 171 654 204 700; x_wconf 88' lang='lat' dir='ltr'>Et</span> <span class='ocrx_word' id='word_1_15' title='bbox 215 652 291 713; x_wconf 77' lang='lat' dir='ltr'>magis</span> <span class='ocrx_word' id='word_1_16' title='bbox 303 666 356 703; x_wconf 80' lang='lat' dir='ltr'>esse</span> <span class='ocrx_word' id='word_1_17' title='bbox 367 654 439 702; x_wconf 88' lang='lat' dir='ltr'>illum</span> <span class='ocrx_word' id='word_1_18' title='bbox 451 654 580 716; x_wconf 89' lang='lat' dir='ltr'>idoneum,</span> <span class='ocrx_word' id='word_1_19' title='bbox 591 656 632 719; x_wconf 90' lang='lat' dir='ltr'>qui</span> <span class='ocrx_word' id='word_1_20' title='bbox 644 657 691 719; x_wconf 79' lang='lat' dir='ltr'>ipsi</span> <span class='ocrx_word' id='word_1_21' title='bbox 703 658 735 706; x_wconf 79' lang='lat' dir='ltr'>eit</span> <span class='ocrx_word' id='word_1_22' title='bbox 743 660 889 711; x_wconf 83' lang='lat' dir='ltr'>familiarior</span> <span class='ocrx_word' id='word_1_23' title='bbox 901 684 907 714; x_wconf 85' lang='lat'><strong>:</strong></span> 
     </span>
    </p>

    <p class='ocr_par' dir='ltr' id='par_1_4' title="bbox 172 743 930 816">
     <span class='ocr_line' id='line_1_4' title="bbox 172 743 930 816; baseline 0.015 -26"><span class='ocrx_word' id='word_1_24' title='bbox 172 743 223 791; x_wconf 79' lang='lat' dir='ltr'>Nos</span> <span class='ocrx_word' id='word_1_25' title='bbox 234 748 320 793; x_wconf 69' lang='lat' dir='ltr'>nostro</span> <span class='ocrx_word' id='word_1_26' title='bbox 329 743 409 793; x_wconf 86' lang='lat' dir='ltr'>officio</span> <span class='ocrx_word' id='word_1_27' title='bbox 421 743 484 793; x_wconf 88' lang='lat' dir='ltr'>nihil</span> <span class='ocrx_word' id='word_1_28' title='bbox 498 744 636 806; x_wconf 77' lang='lat' dir='ltr'>digressos:</span> <span class='ocrx_word' id='word_1_29' title='bbox 654 755 773 808; x_wconf 82' lang='lat' dir='ltr'>quantum</span> <span class='ocrx_word' id='word_1_30' title='bbox 782 750 803 799; x_wconf 86' lang='lat' dir='ltr'>is</span> <span class='ocrx_word' id='word_1_31' title='bbox 813 752 930 816; x_wconf 85' lang='lat' dir='ltr'>voluerit,</span> 
     </span>
    </p>

    <p class='ocr_par' dir='ltr' id='par_1_5' title="bbox 170 832 974 986">
     <span class='ocr_line' id='line_1_5' title="bbox 170 832 974 899; baseline 0.016 -20"><span class='ocrx_word' id='word_1_32' title='bbox 170 832 259 880; x_wconf 82' lang='lat' dir='ltr'>Datum</span> <span class='ocrx_word' id='word_1_33' title='bbox 270 846 323 882; x_wconf 84' lang='lat' dir='ltr'>esse</span> <span class='ocrx_word' id='word_1_34' title='bbox 329 832 402 882; x_wconf 86' lang='lat' dir='ltr'>dotis.</span> <span class='ocrx_word' id='word_1_35' title='bbox 435 836 483 883; x_wconf 85' lang='lat' dir='ltr'>De.</span> <span class='ocrx_word' id='word_1_36' title='bbox 502 834 567 889; x_wconf 87' lang='lat' dir='ltr'>Quid</span> <span class='ocrx_word' id='word_1_37' title='bbox 580 843 634 897; x_wconf 80' lang='lat' dir='ltr'>tua,</span> <span class='ocrx_word' id='word_1_38' title='bbox 644 838 748 899; x_wconf 88' lang='lat' dir='ltr'>malum,</span> <span class='ocrx_word' id='word_1_39' title='bbox 762 838 787 887; x_wconf 92' lang='lat' dir='ltr'>id</span> <span class='ocrx_word' id='word_1_40' title='bbox 796 840 892 889; x_wconf 77' lang='lat' dir='ltr'>refert?</span> <span class='ocrx_word' id='word_1_41' title='bbox 930 843 974 892; x_wconf 75' lang='lat' dir='ltr'>Oh.</span> 
     </span>
     <span class='ocr_line' id='line_1_6' title="bbox 234 923 578 986; baseline 0.009 -16"><span class='ocrx_word' id='word_1_42' title='bbox 234 923 330 983; x_wconf 81' lang='lat' dir='ltr'>Magni,</span> <span class='ocrx_word' id='word_1_43' title='bbox 343 923 471 986; x_wconf 83' lang='lat' dir='ltr'>Demipho.</span> <span class='ocrx_word' id='word_1_44' title='bbox 560 938 578 956; x_wconf 63' lang='lat'><em>³</em></span> 
     </span>
    </p>

    <p class='ocr_par' dir='ltr' id='par_1_6' title="bbox 168 1012 971 1165">
     <span class='ocr_line' id='line_1_7' title="bbox 168 1012 971 1087; baseline 0.019 -29"><span class='ocrx_word' id='word_1_45' title='bbox 168 1013 216 1060; x_wconf 81' lang='lat' dir='ltr'>De.</span> <span class='ocrx_word' id='word_1_46' title='bbox 234 1012 291 1059; x_wconf 91' lang='lat' dir='ltr'>Non</span> <span class='ocrx_word' id='word_1_47' title='bbox 304 1019 342 1060; x_wconf 82' lang='lat' dir='ltr'>sat</span> <span class='ocrx_word' id='word_1_48' title='bbox 357 1020 428 1062; x_wconf 84' lang='lat' dir='ltr'>tuum</span> <span class='ocrx_word' id='word_1_49' title='bbox 446 1021 470 1062; x_wconf 83' lang='lat' dir='ltr'>te</span> <span class='ocrx_word' id='word_1_50' title='bbox 481 1012 588 1063; x_wconf 85' lang='lat' dir='ltr'>officium</span> <span class='ocrx_word' id='word_1_51' title='bbox 604 1014 702 1078; x_wconf 80' lang='lat' dir='ltr'>fecisse,</span> <span class='ocrx_word' id='word_1_52' title='bbox 714 1018 735 1066; x_wconf 80' lang='lat' dir='ltr'>si</span> <span class='ocrx_word' id='word_1_53' title='bbox 747 1033 797 1068; x_wconf 86' lang='lat' dir='ltr'>nou</span> <span class='ocrx_word' id='word_1_54' title='bbox 808 1019 834 1069; x_wconf 86' lang='lat' dir='ltr'>id</span> <span class='ocrx_word' id='word_1_55' title='bbox 845 1021 911 1071; x_wconf 82' lang='lat' dir='ltr'><strong>fama</strong></span> <span class='ocrx_word' id='word_1_56' title='bbox 927 1038 971 1087; x_wconf 87' lang='lat' dir='ltr'>ap·</span> 
     </span>
     <span class='ocr_line' id='line_1_8' title="bbox 232 1102 336 1165; baseline 0.01 -16"><span class='ocrx_word' id='word_1_57' title='bbox 232 1102 336 1165; x_wconf 78' lang='lat' dir='ltr'><strong>probat?</strong></span> 
     </span>
    </p>

    <p class='ocr_par' dir='ltr' id='par_1_7' title="bbox 169 1190 970 1344">
     <span class='ocr_line' id='line_1_9' title="bbox 169 1190 970 1262; baseline 0.016 -24"><span class='ocrx_word' id='word_1_58' title='bbox 169 1190 211 1238; x_wconf 79' lang='lat' dir='ltr'>Ol.</span> <span class='ocrx_word' id='word_1_59' title='bbox 228 1192 292 1241; x_wconf 89' lang='lat' dir='ltr'>Volo</span> <span class='ocrx_word' id='word_1_60' title='bbox 307 1191 382 1254; x_wconf 77' lang='lat' dir='ltr'>ipsius</span> <span class='ocrx_word' id='word_1_61' title='bbox 393 1207 489 1256; x_wconf 90' lang='lat' dir='ltr'>quoque</span> <span class='ocrx_word' id='word_1_62' title='bbox 500 1195 626 1244; x_wconf 75' lang='lat' dir='ltr'>voluntate</span> <span class='ocrx_word' id='word_1_63' title='bbox 637 1195 685 1245; x_wconf 87' lang='lat' dir='ltr'>hoc</span> <span class='ocrx_word' id='word_1_64' title='bbox 697 1196 761 1257; x_wconf 79' lang='lat' dir='ltr'>ueri,</span> <span class='ocrx_word' id='word_1_65' title='bbox 779 1212 850 1249; x_wconf 82' lang='lat' dir='ltr'>nese</span> <span class='ocrx_word' id='word_1_66' title='bbox 867 1202 970 1262; x_wconf 74' lang='lat' dir='ltr'>ejectam</span> 
     </span>
     <span class='ocr_line' id='line_1_10' title="bbox 233 1280 355 1344; baseline 0.008 -15"><span class='ocrx_word' id='word_1_67' title='bbox 233 1280 355 1344; x_wconf 71' lang='lat' dir='ltr'>predicet.</span> 
     </span>
    </p>

    <p class='ocr_par' dir='ltr' id='par_1_8' title="bbox 168 1370 972 1521">
     <span class='ocr_line' id='line_1_11' title="bbox 168 1370 972 1435; baseline 0.011 -16"><span class='ocrx_word' id='word_1_68' title='bbox 168 1373 216 1419; x_wconf 84' lang='lat' dir='ltr'>De.</span> <span class='ocrx_word' id='word_1_69' title='bbox 235 1370 302 1419; x_wconf 87' lang='lat' dir='ltr'>Idem</span> <span class='ocrx_word' id='word_1_70' title='bbox 320 1384 366 1431; x_wconf 80' lang='lat' dir='ltr'>ego</span> <span class='ocrx_word' id='word_1_71' title='bbox 377 1372 439 1419; x_wconf 80' lang='lat' dir='ltr'>istuc</span> <span class='ocrx_word' id='word_1_72' title='bbox 457 1372 537 1420; x_wconf 79' lang='lat' dir='ltr'>faeere</span> <span class='ocrx_word' id='word_1_73' title='bbox 555 1385 665 1435; x_wconf 73' lang='lat' dir='ltr'>possum.</span> <span class='ocrx_word' id='word_1_74' title='bbox 701 1375 745 1422; x_wconf 77' lang='lat' dir='ltr'>Ch.</span> <span class='ocrx_word' id='word_1_75' title='bbox 763 1375 856 1423; x_wconf 84' lang='lat' dir='ltr'>Mulier</span> <span class='ocrx_word' id='word_1_76' title='bbox 874 1379 972 1429; x_wconf 87' lang='lat' dir='ltr'>mulieri</span> 
     </span>
     <span class='ocr_line' id='line_1_12' title="bbox 235 1457 778 1521; baseline 0.009 -14"><span class='ocrx_word' id='word_1_77' title='bbox 235 1459 311 1521; x_wconf 77' lang='lat' dir='ltr'>magis</span> <span class='ocrx_word' id='word_1_78' title='bbox 323 1461 445 1521; x_wconf 76' lang='lat' dir='ltr'>congruit.</span> <span class='ocrx_word' id='word_1_79' title='bbox 776 1457 778 1460; x_wconf 68' lang='grc'><strong>’</strong></span> 
     </span>
    </p>

    <p class='ocr_par' dir='ltr' id='par_1_9' title="bbox 168 1548 969 1700">
     <span class='ocr_line' id='line_1_13' title="bbox 168 1548 969 1617; baseline 0.01 -21"><span class='ocrx_word' id='word_1_80' title='bbox 168 1550 216 1597; x_wconf 85' lang='lat' dir='ltr'>De.</span> <span class='ocrx_word' id='word_1_81' title='bbox 235 1550 341 1609; x_wconf 80' lang='lat' dir='ltr'>Rogabo.</span> <span class='ocrx_word' id='word_1_82' title='bbox 377 1550 420 1597; x_wconf 69' lang='lat'>010.</span> <span class='ocrx_word' id='word_1_83' title='bbox 447 1548 497 1599; x_wconf 88' lang='lat' dir='ltr'>Ubi</span> <span class='ocrx_word' id='word_1_84' title='bbox 516 1548 573 1597; x_wconf 81' lang='lat' dir='ltr'>illas</span> <span class='ocrx_word' id='word_1_85' title='bbox 593 1563 659 1598; x_wconf 86' lang='lat' dir='ltr'>nuuc</span> <span class='ocrx_word' id='word_1_86' title='bbox 676 1564 721 1612; x_wconf 79' lang='lat' dir='ltr'>ego</span> <span class='ocrx_word' id='word_1_87' title='bbox 740 1552 847 1613; x_wconf 85' lang='lat' dir='ltr'>reperire</span> <span class='ocrx_word' id='word_1_88' title='bbox 866 1556 969 1617; x_wconf 79' lang='lat' dir='ltr'>possim,</span> 
     </span>
     <span class='ocr_line' id='line_1_14' title="bbox 233 1639 320 1700; baseline 0 -13"><span class='ocrx_word' id='word_1_89' title='bbox 233 1639 320 1700; x_wconf 74' lang='lat' dir='ltr'>cogito.</span> 
     </span>
    </p>
   </div>
   <div class='ocr_carea' id='block_1_3' title="bbox 493 1870 682 1881">
    <p class='ocr_par' dir='ltr' id='par_1_10' title="bbox 493 1870 682 1881">
     <span class='ocr_line' id='line_1_15' title="bbox 493 1870 682 1881; baseline -0.016 0"><span class='ocrx_word' id='word_1_90' title='bbox 493 1870 682 1881; x_wconf 77' lang='grc'>---</span> 
     </span>
    </p>
   </div>
   <div class='ocr_carea' id='block_1_4' title="bbox 397 2043 743 2094">
    <p class='ocr_par' dir='ltr' id='par_1_11' title="bbox 397 2043 743 2094">
     <span class='ocr_line' id='line_1_16' title="bbox 397 2043 743 2094; baseline -0.006 -2"><span class='ocrx_word' id='word_1_91' title='bbox 397 2045 508 2094; x_wconf 79' lang='lat' dir='ltr'>AC&#39;l&#39;US</span> <span class='ocrx_word' id='word_1_92' title='bbox 525 2044 555 2091; x_wconf 81' lang='lat' dir='ltr'>V.</span> <span class='ocrx_word' id='word_1_93' title='bbox 595 2043 706 2092; x_wconf 87' lang='lat' dir='ltr'>SCENA</span> <span class='ocrx_word' id='word_1_94' title='bbox 723 2044 743 2090; x_wconf 90' lang='lat'>1.</span> 
     </span>
    </p>
   </div>
   <div class='ocr_carea' id='block_1_5' title="bbox 408 2157 735 2208">
    <p class='ocr_par' dir='ltr' id='par_1_12' title="bbox 408 2157 735 2208">
     <span class='ocr_line' id='line_1_17' title="bbox 408 2157 735 2208; baseline -0.003 -1"><span class='ocrx_word' id='word_1_95' title='bbox 408 2159 560 2208; x_wconf 73' lang='lat' dir='ltr'>Soeuuoul.</span> <span class='ocrx_word' id='word_1_96' title='bbox 595 2157 735 2206; x_wconf 79' lang='lat' dir='ltr'>Cuuuuus.</span> 
     </span>
    </p>
   </div>
   <div class='ocr_carea' id='block_1_6' title="bbox 165 2252 969 3126">
    <p class='ocr_par' dir='ltr' id='par_1_13' title="bbox 167 2252 967 2398">
     <span class='ocr_line' id='line_1_18' title="bbox 167 2252 967 2320; baseline -0.008 -11"><span class='ocrx_word' id='word_1_97' title='bbox 167 2257 340 2320; x_wconf 78' lang='lat' dir='ltr'>Qumagam?</span> <span class='ocrx_word' id='word_1_98' title='bbox 360 2271 433 2318; x_wconf 81' lang='lat' dir='ltr'>quem</span> <span class='ocrx_word' id='word_1_99' title='bbox 451 2255 512 2304; x_wconf 89' lang='lat' dir='ltr'>mihi</span> <span class='ocrx_word' id='word_1_100' title='bbox 532 2255 637 2304; x_wconf 82' lang='lat' dir='ltr'>amicum</span> <span class='ocrx_word' id='word_1_101' title='bbox 655 2252 778 2303; x_wconf 84' lang='lat' dir='ltr'>inveniam</span> <span class='ocrx_word' id='word_1_102' title='bbox 795 2253 905 2305; x_wconf 76' lang='lat' dir='ltr'>misera?</span> <span class='ocrx_word' id='word_1_103' title='bbox 924 2262 967 2304; x_wconf 81' lang='lat' dir='ltr'>aut</span> 
     </span>
     <span class='ocr_line' id='line_1_19' title="bbox 229 2346 582 2398; baseline -0.017 0"><span class='ocrx_word' id='word_1_104' title='bbox 229 2346 383 2398; x_wconf 79' lang='lat' dir='ltr'>euiconslliu</span> <span class='ocrx_word' id='word_1_105' title='bbox 393 2347 445 2396; x_wconf 80' lang='lat' dir='ltr'>haec</span> <span class='ocrx_word' id='word_1_106' title='bbox 456 2346 562 2396; x_wconf 77' lang='lat' dir='ltr'>referum</span> <span class='ocrx_word' id='word_1_107' title='bbox 573 2347 582 2392; x_wconf 83' lang='lat'>?</span> 
     </span>
    </p>

    <p class='ocr_par' dir='ltr' id='par_1_14' title="bbox 165 2435 615 2497">
     <span class='ocr_line' id='line_1_20' title="bbox 165 2435 615 2497; baseline -0.02 -8"><span class='ocrx_word' id='word_1_108' title='bbox 165 2442 218 2489; x_wconf 82' lang='lat' dir='ltr'>Aut</span> <span class='ocrx_word' id='word_1_109' title='bbox 228 2438 293 2487; x_wconf 88' lang='lat' dir='ltr'>unde</span> <span class='ocrx_word' id='word_1_110' title='bbox 304 2437 366 2486; x_wconf 90' lang='lat' dir='ltr'>mihi</span> <span class='ocrx_word' id='word_1_111' title='bbox 378 2435 497 2486; x_wconf 85' lang='lat' dir='ltr'>auxilium</span> <span class='ocrx_word' id='word_1_112' title='bbox 508 2442 589 2497; x_wconf 82' lang='lat' dir='ltr'>petum</span> <span class='ocrx_word' id='word_1_113' title='bbox 598 2435 615 2496; x_wconf 74' lang='lat'>?¹</span> 
     </span>
    </p>

    <p class='ocr_par' dir='ltr' id='par_1_15' title="bbox 165 2522 966 2669">
     <span class='ocr_line' id='line_1_21' title="bbox 165 2522 966 2588; baseline -0.007 -10"><span class='ocrx_word' id='word_1_114' title='bbox 165 2531 231 2578; x_wconf 81' lang='lat' dir='ltr'>Nam</span> <span class='ocrx_word' id='word_1_115' title='bbox 240 2535 336 2588; x_wconf 77' lang='lat' dir='ltr'>vereor,</span> <span class='ocrx_word' id='word_1_116' title='bbox 344 2528 406 2576; x_wconf 82' lang='lat' dir='ltr'>hera</span> <span class='ocrx_word' id='word_1_117' title='bbox 416 2540 448 2575; x_wconf 87' lang='lat' dir='ltr'>ue</span> <span class='ocrx_word' id='word_1_118' title='bbox 459 2527 492 2575; x_wconf 87' lang='lat' dir='ltr'>ob</span> <span class='ocrx_word' id='word_1_119' title='bbox 500 2537 582 2573; x_wconf 87' lang='lat' dir='ltr'>meum</span> <span class='ocrx_word' id='word_1_120' title='bbox 594 2537 693 2572; x_wconf 70' lang='lat' dir='ltr'>euveum</span> <span class='ocrx_word' id='word_1_121' title='bbox 704 2522 804 2584; x_wconf 76' lang='lat' dir='ltr'>indigue</span> <span class='ocrx_word' id='word_1_122' title='bbox 814 2523 906 2584; x_wconf 70' lang='lat' dir='ltr'>iniuria</span> <span class='ocrx_word' id='word_1_123' title='bbox 916 2526 966 2572; x_wconf 86' lang='lat' dir='ltr'>affi-</span> 
     </span>
     <span class='ocr_line' id='line_1_22' title="bbox 228 2619 323 2669; baseline -0.032 -1"><span class='ocrx_word' id='word_1_124' title='bbox 228 2619 323 2669; x_wconf 79' lang='lat' dir='ltr'>cietur:</span> 
     </span>
    </p>

    <p class='ocr_par' dir='ltr' id='par_1_16' title="bbox 165 2701 965 2772">
     <span class='ocr_line' id='line_1_23' title="bbox 165 2701 965 2772; baseline -0.009 -15"><span class='ocrx_word' id='word_1_125' title='bbox 165 2710 202 2759; x_wconf 78' lang='lat' dir='ltr'>lta</span> <span class='ocrx_word' id='word_1_126' title='bbox 209 2716 304 2772; x_wconf 80' lang='lat' dir='ltr'>patrem</span> <span class='ocrx_word' id='word_1_127' title='bbox 317 2703 478 2756; x_wconf 79' lang='lat' dir='ltr'>adolescentis</span> <span class='ocrx_word' id='word_1_128' title='bbox 489 2705 553 2752; x_wconf 81' lang='lat' dir='ltr'>iacta</span> <span class='ocrx_word' id='word_1_129' title='bbox 563 2703 616 2751; x_wconf 80' lang='lat' dir='ltr'>haec</span> <span class='ocrx_word' id='word_1_130' title='bbox 629 2703 734 2752; x_wconf 79' lang='lat' dir='ltr'>tolerare</span> <span class='ocrx_word' id='word_1_131' title='bbox 751 2701 825 2751; x_wconf 79' lang='lat' dir='ltr'>audio</span> <span class='ocrx_word' id='word_1_132' title='bbox 838 2701 965 2750; x_wconf 62' lang='lat' dir='ltr'>uiolenter.</span> 
     </span>
    </p>

    <p class='ocr_par' dir='ltr' id='par_1_17' title="bbox 165 2791 965 2938">
     <span class='ocr_line' id='line_1_24' title="bbox 165 2791 965 2859; baseline -0.01 -13"><span class='ocrx_word' id='word_1_133' title='bbox 165 2800 208 2848; x_wconf 65' lang='lat'>01³.</span> <span class='ocrx_word' id='word_1_134' title='bbox 224 2801 288 2847; x_wconf 82' lang='lat' dir='ltr'>Nam</span> <span class='ocrx_word' id='word_1_135' title='bbox 301 2811 354 2859; x_wconf 75' lang='lat' dir='ltr'>quoe</span> <span class='ocrx_word' id='word_1_136' title='bbox 365 2797 418 2845; x_wconf 83' lang='lat' dir='ltr'>haec</span> <span class='ocrx_word' id='word_1_137' title='bbox 426 2802 464 2844; x_wconf 86' lang='lat' dir='ltr'>est</span> <span class='ocrx_word' id='word_1_138' title='bbox 473 2807 535 2843; x_wconf 78' lang='lat' dir='ltr'>auus</span> <span class='ocrx_word' id='word_1_139' title='bbox 546 2791 696 2852; x_wconf 79' lang='lat' dir='ltr'>exanimata,</span> <span class='ocrx_word' id='word_1_140' title='bbox 708 2792 809 2840; x_wconf 74' lang='lat' dir='ltr'>affaire</span> <span class='ocrx_word' id='word_1_141' title='bbox 820 2805 874 2853; x_wconf 79' lang='lat' dir='ltr'>quae</span> <span class='ocrx_word' id='word_1_142' title='bbox 883 2805 965 2852; x_wconf 81' lang='lat' dir='ltr'>egres·</span> 
     </span>
     <span class='ocr_line' id='line_1_25' title="bbox 230 2889 378 2938; baseline -0.007 -2"><span class='ocrx_word' id='word_1_143' title='bbox 230 2889 290 2938; x_wconf 82' lang='lat' dir='ltr'>su’st</span> <span class='ocrx_word' id='word_1_144' title='bbox 301 2889 378 2938; x_wconf 80' lang='lat' dir='ltr'>meo?</span> 
     </span>
    </p>

    <p class='ocr_par' dir='ltr' id='par_1_18' title="bbox 169 2967 969 3126">
     <span class='ocr_line' id='line_1_26' title="bbox 169 2967 969 3034; baseline -0.013 -8"><span class='ocrx_word' id='word_1_145' title='bbox 169 2980 209 3026; x_wconf 84' lang='lat' dir='ltr'>So.</span> <span class='ocrx_word' id='word_1_146' title='bbox 226 2977 300 3030; x_wconf 86' lang='lat' dir='ltr'>Quod</span> <span class='ocrx_word' id='word_1_147' title='bbox 312 2984 338 3024; x_wconf 81' lang='lat' dir='ltr'>ut</span> <span class='ocrx_word' id='word_1_148' title='bbox 355 2975 471 3034; x_wconf 79' lang='lat' dir='ltr'>facerem,</span> <span class='ocrx_word' id='word_1_149' title='bbox 492 2977 585 3034; x_wconf 75' lang='lat' dir='ltr'>egestae</span> <span class='ocrx_word' id='word_1_150' title='bbox 597 2984 637 3019; x_wconf 88' lang='lat' dir='ltr'>me</span> <span class='ocrx_word' id='word_1_151' title='bbox 656 2967 770 3032; x_wconf 84' lang='lat' dir='ltr'>impulit:</span> <span class='ocrx_word' id='word_1_152' title='bbox 790 2982 866 3030; x_wconf 89' lang='lat' dir='ltr'>quum</span> <span class='ocrx_word' id='word_1_153' title='bbox 882 2967 969 3017; x_wconf 80' lang='lat' dir='ltr'>scirem</span> 
     </span>
     <span class='ocr_line' id='line_1_27' title="bbox 233 3062 452 3126; baseline -0.018 -12"><span class='ocrx_word' id='word_1_154' title='bbox 233 3066 343 3114; x_wconf 79' lang='lat' dir='ltr'>infirmae</span> <span class='ocrx_word' id='word_1_155' title='bbox 354 3062 452 3126; x_wconf 81' lang='lat' dir='ltr'>nuptias</span> 
     </span>
    </p>
   </div>
   <div class='ocr_carea' id='block_1_7' title="bbox 0 0 1234 3800">
    <p class='ocr_par' dir='ltr' id='par_1_19' title="bbox 0 0 1234 3800">
     <span class='ocr_line' id='line_1_28' title="bbox 0 0 1234 3800; baseline 0 3"><span class='ocrx_word' id='word_1_156' title='bbox 0 0 1234 3800; x_wconf 95' lang='lat' dir='ltr'> </span> 
     </span>
    </p>
   </div>
  </div>
 </body>
</html>
