2459 3800
415 443 526 497 Adrus
545 450 578 497 11.
611 451 722 505 SCENA
740 458 786 507 ΙΙΙ.
955 462 998 515 141

192 571 304 635 Capillus
314 590 411 640 panone,
423 582 546 646 prolixae,
558 586 652 639 circum
662 601 736 655 caput

189 662 303 723 Reiectus
314 668 472 730 negligenter.
507 676 569 725 elin.
586 679 647 742 Syre
659 682 703 743 mi,
716 685 829 751 ebanem,

188 751 227 799 Ne
236 767 276 802 me
286 753 312 803 in
323 756 435 807 laetitiam
446 761 538 813 frustra
546 768 671 829 conjiciat.
705 773 747 835 Sy.
764 776 835 826 Anus

187 838 320 893 Subtemen
330 847 405 897 nebat
416 869 422 898 ε
434 859 554 913 preterea
560 867 611 905 nna
622 858 740 910 ancillula

186 929 247 978 Erat
257 950 266 992 ς
283 946 313 982 ea
323 936 424 985 texebat
434 953 494 1000 nna,
506 943 595 1004 pannis
605 947 699 1008 obsita,

189 1020 316 1083 Neglecta,
325 1023 455 1077 immunda
466 1030 560 1082 illuvie.
595 1036 651 1087 ont.
670 1039 697 1088 Si
708 1041 762 1091 haee
773 1051 841 1106 erunt,
854 1046 947 1109 Clinia,

185 1109 260 1170 Vera,
272 1110 307 1161 ita
319 1114 355 1162 nti
366 1116 450 1178 eredo,
461 1119 516 1180 quin
527 1128 602 1175 tenet
611 1126 762 1180 fortunatior
773 1133 783 1179 ἓ
816 1118 819 1123 ’

184 1197 252 1246 Soin’
264 1200 337 1262 hane,
348 1218 422 1266 quam
436 1206 496 1257 dicit
507 1209 657 1263 sordidatam
668 1223 693 1265 et
704 1218 829 1269 sordidam
841 1225 851 1269 ἓ

185 1287 304 1349 Magnum
332 1292 380 1341 hoe
402 1310 500 1359 quoque
524 1298 665 1363 signum'et,
694 1304 820 1357 dominam
845 1324 900 1361 esee
921 1322 991 1364 extra

250 1380 351 1431 noxiam
361 1402 371 1446 3

187 1465 270 1519 Quum
281 1470 335 1530 ejus
345 1478 397 1521 tam
409 1476 573 1538 negleguntur
583 1479 734 1555 internuncii
745 1505 752 1535 ι

185 1558 250 1607 Nam
261 1559 392 1634 disciplina
401 1566 554 1629 emendem,
565 1576 722 1625 munerarier

184 1648 294 1699 Ancillae
303 1651 422 1714 primurn,
433 1656 465 1705 ad
476 1656 589 1710 dominae
601 1663 643 1723 qui
655 1665 770 1716 affectant
780 1668 853 1719 viam.

187 1736 248 1786 Clio.
265 1740 354 1801 Perge,
364 1743 468 1793 obsecro
479 1753 515 1806 te,
526 1756 553 1797 et
563 1760 621 1799 cave
631 1767 662 1801 ne
674 1754 763 1804 falsam
774 1757 877 1818 gratiam
976 1751 986 1774 '

92 1862 97 1867 .
184 1826 287 1877 Studeas
299 1828 371 1879 inire.
388 1832 455 1886 Quid
465 1835 510 1896 ait,
521 1838 564 1886 nbi
575 1853 615 1888 me
626 1842 760 1893 nominas?

184 1917 234 1976 sm
244 1919 294 1968 Ubi
305 1918 410 1970 dicimus
420 1923 515 1974 redime
527 1933 563 1987 te,
575 1934 600 1976 et
611 1940 699 1991 rogare
711 1931 747 1982 nti

183 2006 285 2056 Veniret
295 2008 372 2059 adte:
392 2013 480 2061 mulier
489 2015 567 2064 telam
576 2017 668 2067 deserit

186 2094 320 2153 Continuo,
330 2111 357 2150 et
367 2102 484 2152 lacrumis
495 2107 578 2169 opplet
588 2121 618 2157 oo
628 2115 709 2160 totum
721 2112 767 2162 albi
780 2134 785 2163 ι

188 2187 224 2236 Ut
233 2187 304 2238 facile
312 2189 388 2240 eciren
398 2192 520 2243 desiderio
532 2195 556 2244 id
567 2197 622 2246 fieri
633 2207 686 2250 tuo.

186 2275 247 2325 Clio.
265 2279 319 2327 Prae
330 2280 430 2342 gaudio,
441 2266 476 2332 ita
486 2299 526 2332 me
538 2285 570 2334 Di
578 2296 672 2349 ament,
683 2291 725 2339 ubi
737 2291 785 2341 eim
796 2294 890 2346 nescio:

184 2365 223 2413 lta
233 2365 313 2416 imni.
348 2371 404 2420 om.
421 2373 456 2422 At
466 2388 512 2436 ego
522 2375 586 2425 nihil
596 2392 650 2428 eene
661 2379 778 2443 sciebam,
792 2383 883 2434 Clinia.

184 2454 297 2514 Agedum
308 2457 425 2521 vicissim,
437 2462 509 2525 Syre,
524 2464 563 2514 dic
574 2478 627 2528 qnae
639 2466 716 2518 illa'et
726 2471 812 2520 altera.

184 2541 226 2602 Sy.
241 2542 393 2596 AdducImus
408 2556 476 2598 tuam
488 2553 645 2603 Bacchidem.
675 2557 730 2606 eat.
744 2559 825 2608 Hem!
845 2560 913 2622 qnid,
925 2563 989 2612 Bae·

250 2631 368 2683 ebidem?
622 2679 623 2683 ,

184 2719 240 2768 Eho
250 2722 363 2783 eoeleste,
381 2739 430 2786 qno
447 2725 516 2776 illam
534 2729 624 2778 ducis?
660 2734 704 2793 Sy.
721 2735 778 2789 Quo
795 2748 840 2796 ego
855 2735 940 2786 illam?
958 2739 990 2789 ad

250 2823 296 2859 noe
306 2811 407 2862 seilicet
540 2849 543 2855 ‚

186 2899 242 2948 ont.
258 2901 298 2950 Ad
308 2908 456 2965 patremne?
491 2909 534 2970 Sy.
550 2909 591 2958 Ad
602 2923 660 2958 enm
672 2911 759 2974 ipsum·
795 2915 852 2964 Gen.
871 2917 988 2968 01]οωί-

249 2989 288 3040 nie
298 2990 466 3055 impudentem
476 2997 620 3047 audaciam!
655 3003 697 3062 Sy.
716 3001 794 3062 Heus,
993 3017 995 3023 '

183 3076 240 3124 Non
251 3077 281 3128 fit
290 3079 344 3128 aine
353 3082 446 3144 periclo
457 3084 553 3135 facium
564 3101 679 3149 magnum
688 3097 714 3139 et
725 3093 890 3145 memorabile.
