<?xml version="1.0" encoding="UTF-8"?>
<!DOCTYPE html PUBLIC "-//W3C//DTD XHTML 1.0 Transitional//EN"
    "http://www.w3.org/TR/xhtml1/DTD/xhtml1-transitional.dtd">
<html xmlns="http://www.w3.org/1999/xhtml" xml:lang="en" lang="en">
 <head>
  <title>
</title>
<meta http-equiv="Content-Type" content="text/html;charset=utf-8" />
  <meta name='ocr-system' content='tesseract 3.04.00' />
  <meta name='ocr-capabilities' content='ocr_page ocr_carea ocr_par ocr_line ocrx_word'/>
</head>
<body>
  <div class='ocr_page' id='page_1' title='image "./comoediaesexadf00zeungoog_0175.png"; bbox 0 0 2459 3800; ppageno 0'>
   <div class='ocr_carea' id='block_1_1' title="bbox 215 450 950 505">
    <p class='ocr_par' dir='ltr' id='par_1_1' title="bbox 215 450 950 505">
     <span class='ocr_line' id='line_1_1' title="bbox 215 450 950 505; baseline 0.005 -6"><span class='ocrx_word' id='word_1_1' title='bbox 215 451 262 500; x_wconf 76' lang='lat' dir='ltr'><strong>lto</strong></span> <span class='ocrx_word' id='word_1_2' title='bbox 295 453 323 500; x_wconf 88' lang='grc' dir='ltr'><strong>Ρ.</strong></span> <span class='ocrx_word' id='word_1_3' title='bbox 338 451 499 505; x_wconf 65' lang='lat' dir='ltr'><strong>ianuarii</strong></span> <span class='ocrx_word' id='word_1_4' title='bbox 517 450 950 505; x_wconf 76' lang='lat' dir='ltr'><strong>HEAUTONTIMORUMENOS.</strong></span> 
     </span>
    </p>
   </div>
   <div class='ocr_carea' id='block_1_2' title="bbox 152 595 1020 1462">
    <p class='ocr_par' dir='ltr' id='par_1_2' title="bbox 214 595 799 661">
     <span class='ocr_line' id='line_1_2' title="bbox 214 595 799 661; baseline 0.01 -17"><span class='ocrx_word' id='word_1_5' title='bbox 214 595 262 644; x_wconf 82' lang='lat' dir='ltr'><strong>Sed</strong></span> <span class='ocrx_word' id='word_1_6' title='bbox 270 609 346 658; x_wconf 92' lang='lat' dir='ltr'><strong>porro</strong></span> <span class='ocrx_word' id='word_1_7' title='bbox 355 598 477 658; x_wconf 85' lang='lat' dir='ltr'><strong>ausculta,</strong></span> <span class='ocrx_word' id='word_1_8' title='bbox 489 597 556 660; x_wconf 86' lang='lat' dir='ltr'><strong>quod</strong></span> <span class='ocrx_word' id='word_1_9' title='bbox 566 605 678 661; x_wconf 75' lang='lat' dir='ltr'>superest</span> <span class='ocrx_word' id='word_1_10' title='bbox 687 599 799 651; x_wconf 75' lang='lat' dir='ltr'><strong>fallaciae.</strong></span> 
     </span>
    </p>

    <p class='ocr_par' dir='ltr' id='par_1_3' title="bbox 215 677 691 748">
     <span class='ocr_line' id='line_1_3' title="bbox 215 677 691 748; baseline 0.004 -16"><span class='ocrx_word' id='word_1_11' title='bbox 215 686 273 733; x_wconf 80' lang='lat' dir='ltr'><strong>Sese</strong></span> <span class='ocrx_word' id='word_1_12' title='bbox 283 683 335 748; x_wconf 74' lang='lat' dir='ltr'><strong>ipoe</strong></span> <span class='ocrx_word' id='word_1_13' title='bbox 346 684 411 734; x_wconf 78' lang='lat' dir='ltr'><strong>dicet</strong></span> <span class='ocrx_word' id='word_1_14' title='bbox 419 693 489 735; x_wconf 84' lang='lat' dir='ltr'><strong>tuam</strong></span> <span class='ocrx_word' id='word_1_15' title='bbox 497 685 587 736; x_wconf 80' lang='lat' dir='ltr'><strong>vidisse</strong></span> <span class='ocrx_word' id='word_1_16' title='bbox 597 677 674 735; x_wconf 84' lang='lat' dir='ltr'><strong>filiam</strong></span> <span class='ocrx_word' id='word_1_17' title='bbox 684 706 691 735; x_wconf 74' lang='lat' dir='ltr'>z</span> 
     </span>
    </p>

    <p class='ocr_par' dir='ltr' id='par_1_4' title="bbox 214 773 933 838">
     <span class='ocr_line' id='line_1_4' title="bbox 214 773 933 838; baseline 0.003 -17"><span class='ocrx_word' id='word_1_18' title='bbox 214 773 276 832; x_wconf 84' lang='lat' dir='ltr'><strong>Ejus</strong></span> <span class='ocrx_word' id='word_1_19' title='bbox 285 773 333 822; x_wconf 87' lang='lat' dir='ltr'><strong>sibi</strong></span> <span class='ocrx_word' id='word_1_20' title='bbox 341 773 641 836; x_wconf 74' lang='lat' dir='ltr'><strong>complacitaruformam,</strong></span> <span class='ocrx_word' id='word_1_21' title='bbox 653 782 782 838; x_wconf 85' lang='lat' dir='ltr'><strong>postquam</strong></span> <span class='ocrx_word' id='word_1_22' title='bbox 792 773 915 837; x_wconf 78' lang='lat' dir='ltr'>aspexerit</span> <span class='ocrx_word' id='word_1_23' title='bbox 926 795 933 824; x_wconf 68' lang='grc' dir='ltr'><strong>ε</strong></span> 
     </span>
    </p>

    <p class='ocr_par' dir='ltr' id='par_1_5' title="bbox 216 861 1016 1002">
     <span class='ocr_line' id='line_1_5' title="bbox 216 861 1016 927; baseline 0.005 -19"><span class='ocrx_word' id='word_1_24' title='bbox 216 863 383 927; x_wconf 86' lang='lat' dir='ltr'><strong>lianccupere</strong></span> <span class='ocrx_word' id='word_1_25' title='bbox 395 877 507 913; x_wconf 80' lang='lat' dir='ltr'><strong>uxorem.</strong></span> <span class='ocrx_word' id='word_1_26' title='bbox 533 861 586 912; x_wconf 79' lang='lat' dir='ltr'><strong>Cli.</strong></span> <span class='ocrx_word' id='word_1_27' title='bbox 603 861 713 914; x_wconf 81' lang='lat' dir='ltr'><strong>Modone</strong></span> <span class='ocrx_word' id='word_1_28' title='bbox 725 879 778 926; x_wconf 83' lang='lat' dir='ltr'><strong>quae</strong></span> <span class='ocrx_word' id='word_1_29' title='bbox 787 864 886 914; x_wconf 87' lang='lat' dir='ltr'><strong>inventa</strong></span> <span class='ocrx_word' id='word_1_30' title='bbox 896 866 955 914; x_wconf 84' lang='lat' dir='ltr'><strong>est?</strong></span> <span class='ocrx_word' id='word_1_31' title='bbox 975 865 1016 925; x_wconf 83' lang='lat' dir='ltr'><strong>Sp.</strong></span> 
     </span>
     <span class='ocr_line' id='line_1_6' title="bbox 282 953 352 1002; baseline 0.029 -2"><span class='ocrx_word' id='word_1_32' title='bbox 282 953 352 1002; x_wconf 82' lang='lat' dir='ltr'><strong>Bam.</strong></span> 
     </span>
    </p>

    <p class='ocr_par' dir='ltr' id='par_1_6' title="bbox 152 1033 983 1106">
     <span class='ocr_line' id='line_1_7' title="bbox 152 1033 983 1106; baseline 0.004 -19"><span class='ocrx_word' id='word_1_33' title='bbox 152 1090 157 1098; x_wconf 66' lang='grc'><em>,</em></span> <span class='ocrx_word' id='word_1_34' title='bbox 216 1037 250 1088; x_wconf 88' lang='lat' dir='ltr'><strong>Et</strong></span> <span class='ocrx_word' id='word_1_35' title='bbox 258 1035 357 1103; x_wconf 88' lang='lat' dir='ltr'><strong>quidem</strong></span> <span class='ocrx_word' id='word_1_36' title='bbox 364 1039 461 1103; x_wconf 75' lang='lat' dir='ltr'><strong>iubebit</strong></span> <span class='ocrx_word' id='word_1_37' title='bbox 469 1042 545 1105; x_wconf 81' lang='lat' dir='ltr'><strong>posci.</strong></span> <span class='ocrx_word' id='word_1_38' title='bbox 580 1044 624 1092; x_wconf 82' lang='lat' dir='ltr'><strong>Cli.</strong></span> <span class='ocrx_word' id='word_1_39' title='bbox 642 1043 809 1099; x_wconf 79' lang='lat' dir='ltr'><strong>Quamobrem</strong></span> <span class='ocrx_word' id='word_1_40' title='bbox 820 1033 893 1106; x_wconf 85' lang='lat' dir='ltr'><strong>istuc,</strong></span> <span class='ocrx_word' id='word_1_41' title='bbox 903 1043 983 1106; x_wconf 81' lang='lat' dir='ltr'><strong>Syre?</strong></span> 
     </span>
    </p>

    <p class='ocr_par' dir='ltr' id='par_1_7' title="bbox 217 1127 905 1194">
     <span class='ocr_line' id='line_1_8' title="bbox 217 1127 905 1194; baseline 0.003 -16"><span class='ocrx_word' id='word_1_42' title='bbox 217 1132 282 1179; x_wconf 86' lang='lat' dir='ltr'><strong>Nam</strong></span> <span class='ocrx_word' id='word_1_43' title='bbox 291 1145 405 1193; x_wconf 86' lang='lat' dir='ltr'><strong>prorsum</strong></span> <span class='ocrx_word' id='word_1_44' title='bbox 413 1131 477 1181; x_wconf 82' lang='lat' dir='ltr'>nihil</span> <span class='ocrx_word' id='word_1_45' title='bbox 489 1130 607 1194; x_wconf 77' lang='lat' dir='ltr'><strong>intelligo.</strong></span> <span class='ocrx_word' id='word_1_46' title='bbox 642 1133 684 1194; x_wconf 76' lang='lat' dir='ltr'><strong>Sp.</strong></span> <span class='ocrx_word' id='word_1_47' title='bbox 703 1129 764 1193; x_wconf 82' lang='lat' dir='ltr'><strong>Hui,</strong></span> <span class='ocrx_word' id='word_1_48' title='bbox 775 1127 859 1182; x_wconf 91' lang='lat' dir='ltr'><strong>tardus</strong></span> <span class='ocrx_word' id='word_1_49' title='bbox 870 1145 905 1181; x_wconf 89' lang='lat' dir='ltr'><strong>es.</strong></span> 
     </span>
    </p>

    <p class='ocr_par' dir='ltr' id='par_1_8' title="bbox 219 1213 936 1294">
     <span class='ocr_line' id='line_1_9' title="bbox 219 1213 936 1294; baseline 0.004 -27"><span class='ocrx_word' id='word_1_50' title='bbox 219 1221 262 1268; x_wconf 79' lang='lat' dir='ltr'><strong>ct.</strong></span> <span class='ocrx_word' id='word_1_51' title='bbox 280 1221 400 1270; x_wconf 83' lang='lat' dir='ltr'><strong>Fortasse.</strong></span> <span class='ocrx_word' id='word_1_52' title='bbox 434 1224 475 1282; x_wconf 79' lang='lat' dir='ltr'><strong>Sp.</strong></span> <span class='ocrx_word' id='word_1_53' title='bbox 491 1223 630 1283; x_wconf 76' lang='lat' dir='ltr'><strong>Argentum</strong></span> <span class='ocrx_word' id='word_1_54' title='bbox 642 1213 740 1294; x_wconf 69' lang='lat' dir='ltr'><strong>dabitur</strong></span> <span class='ocrx_word' id='word_1_55' title='bbox 752 1221 816 1270; x_wconf 89' lang='lat' dir='ltr'><strong>eiad</strong></span> <span class='ocrx_word' id='word_1_56' title='bbox 829 1221 936 1284; x_wconf 78' lang='lat' dir='ltr'><strong>nuptias,</strong></span> 
     </span>
    </p>

    <p class='ocr_par' dir='ltr' id='par_1_9' title="bbox 217 1305 972 1372">
     <span class='ocr_line' id='line_1_10' title="bbox 217 1305 972 1372; baseline 0.003 -16"><span class='ocrx_word' id='word_1_57' title='bbox 217 1310 324 1369; x_wconf 87' lang='lat' dir='ltr'><strong>Aurum,</strong></span> <span class='ocrx_word' id='word_1_58' title='bbox 336 1315 408 1372; x_wconf 84' lang='lat' dir='ltr'><strong>atque</strong></span> <span class='ocrx_word' id='word_1_59' title='bbox 419 1318 521 1370; x_wconf 83' lang='lat' dir='ltr'><strong>restem,</strong></span> <span class='ocrx_word' id='word_1_60' title='bbox 532 1310 584 1372; x_wconf 89' lang='lat' dir='ltr'><strong>qui,</strong></span> <span class='ocrx_word' id='word_1_61' title='bbox 594 1318 697 1359; x_wconf 87' lang='lat' dir='ltr'><strong>tenesne</strong></span> <span class='ocrx_word' id='word_1_62' title='bbox 706 1311 720 1358; x_wconf 79' lang='lat' dir='ltr'><strong>i·</strong></span> <span class='ocrx_word' id='word_1_63' title='bbox 752 1311 795 1359; x_wconf 76' lang='lat' dir='ltr'><strong>Ch.</strong></span> <span class='ocrx_word' id='word_1_64' title='bbox 814 1311 946 1372; x_wconf 89' lang='lat' dir='ltr'><strong>Comparet</strong></span> <span class='ocrx_word' id='word_1_65' title='bbox 958 1305 972 1358; x_wconf 64' lang='grc' dir='ltr'><em>ἕ</em></span> 
     </span>
    </p>

    <p class='ocr_par' dir='ltr' id='par_1_10' title="bbox 219 1397 1020 1462">
     <span class='ocr_line' id='line_1_11' title="bbox 219 1397 1020 1462; baseline 0.002 -17"><span class='ocrx_word' id='word_1_66' title='bbox 219 1398 261 1458; x_wconf 75' lang='lat' dir='ltr'><strong>Sy.</strong></span> <span class='ocrx_word' id='word_1_67' title='bbox 278 1397 407 1461; x_wconf 86' lang='lat' dir='ltr'><strong>idipsum.</strong></span> <span class='ocrx_word' id='word_1_68' title='bbox 443 1400 487 1448; x_wconf 81' lang='lat' dir='ltr'><strong>ct.</strong></span> <span class='ocrx_word' id='word_1_69' title='bbox 504 1400 539 1448; x_wconf 81' lang='lat' dir='ltr'><strong>Aa</strong></span> <span class='ocrx_word' id='word_1_70' title='bbox 553 1413 599 1460; x_wconf 77' lang='lat' dir='ltr'><strong>ego</strong></span> <span class='ocrx_word' id='word_1_71' title='bbox 616 1399 656 1448; x_wconf 91' lang='lat' dir='ltr'><strong>illi</strong></span> <span class='ocrx_word' id='word_1_72' title='bbox 668 1413 747 1461; x_wconf 85' lang='lat' dir='ltr'><strong>neque</strong></span> <span class='ocrx_word' id='word_1_73' title='bbox 758 1399 800 1460; x_wconf 92' lang='lat' dir='ltr'><strong>do,</strong></span> <span class='ocrx_word' id='word_1_74' title='bbox 821 1413 899 1462; x_wconf 84' lang='lat' dir='ltr'><strong>neque</strong></span> <span class='ocrx_word' id='word_1_75' title='bbox 914 1399 1020 1462; x_wconf 83' lang='lat' dir='ltr'><strong>despon-</strong></span> 
     </span>
    </p>
   </div>
   <div class='ocr_carea' id='block_1_3' title="bbox 125 1487 1021 1816">
    <p class='ocr_par' dir='ltr' id='par_1_11' title="bbox 283 1487 339 1536">
     <span class='ocr_line' id='line_1_12' title="bbox 283 1487 339 1536; baseline 0.018 -1"><span class='ocrx_word' id='word_1_76' title='bbox 283 1487 339 1536; x_wconf 81' lang='lat' dir='ltr'><strong>deo.</strong></span> 
     </span>
    </p>

    <p class='ocr_par' dir='ltr' id='par_1_12' title="bbox 220 1567 1021 1728">
     <span class='ocr_line' id='line_1_13' title="bbox 220 1567 1021 1639; baseline 0.001 -16"><span class='ocrx_word' id='word_1_77' title='bbox 220 1568 261 1635; x_wconf 75' lang='lat' dir='ltr'><strong>Sp:</strong></span> <span class='ocrx_word' id='word_1_78' title='bbox 279 1577 358 1625; x_wconf 81' lang='lat' dir='ltr'><strong>Nou?</strong></span> <span class='ocrx_word' id='word_1_79' title='bbox 376 1577 556 1638; x_wconf 84' lang='lat' dir='ltr'><strong>quamobrem?</strong></span> <span class='ocrx_word' id='word_1_80' title='bbox 595 1577 639 1625; x_wconf 74' lang='lat' dir='ltr'><strong>Cla.</strong></span> <span class='ocrx_word' id='word_1_81' title='bbox 659 1577 850 1630; x_wconf 75' lang='lat' dir='ltr'><strong>Quamobrem?</strong></span> <span class='ocrx_word' id='word_1_82' title='bbox 869 1585 912 1625; x_wconf 86' lang='lat' dir='ltr'><strong>me&#39;</strong></span> <span class='ocrx_word' id='word_1_83' title='bbox 928 1567 1021 1639; x_wconf 67' lang='lat' dir='ltr'><strong>rogas?</strong></span> 
     </span>
     <span class='ocr_line' id='line_1_14' title="bbox 284 1665 616 1728; baseline 0.006 -16"><span class='ocrx_word' id='word_1_84' title='bbox 284 1665 397 1714; x_wconf 84' lang='lat' dir='ltr'><strong>homini!</strong></span> <span class='ocrx_word' id='word_1_85' title='bbox 434 1668 475 1728; x_wconf 76' lang='lat' dir='ltr'><strong>Sp.</strong></span> <span class='ocrx_word' id='word_1_86' title='bbox 492 1668 528 1717; x_wconf 90' lang='lat' dir='ltr'><strong>Ut</strong></span> <span class='ocrx_word' id='word_1_87' title='bbox 541 1667 616 1714; x_wconf 79' lang='lat' dir='ltr'><strong>lubet.</strong></span> 
     </span>
    </p>

    <p class='ocr_par' dir='ltr' id='par_1_13' title="bbox 125 1744 909 1816">
     <span class='ocr_line' id='line_1_15' title="bbox 125 1744 909 1816; baseline 0.003 -14"><span class='ocrx_word' id='word_1_88' title='bbox 125 1774 133 1795; x_wconf 68' lang='grc' dir='ltr'><strong>ι</strong></span> <span class='ocrx_word' id='word_1_89' title='bbox 221 1756 278 1802; x_wconf 88' lang='lat' dir='ltr'><strong>Non</strong></span> <span class='ocrx_word' id='word_1_90' title='bbox 290 1768 335 1815; x_wconf 75' lang='lat' dir='ltr'><strong>ego</strong></span> <span class='ocrx_word' id='word_1_91' title='bbox 346 1754 456 1802; x_wconf 75' lang='lat' dir='ltr'><strong>‹sscebam</strong></span> <span class='ocrx_word' id='word_1_92' title='bbox 468 1755 494 1802; x_wconf 90' lang='lat' dir='ltr'><strong>in</strong></span> <span class='ocrx_word' id='word_1_93' title='bbox 505 1761 650 1816; x_wconf 89' lang='lat' dir='ltr'><strong>perpetuum</strong></span> <span class='ocrx_word' id='word_1_94' title='bbox 661 1753 729 1802; x_wconf 86' lang='lat' dir='ltr'><strong>illam</strong></span> <span class='ocrx_word' id='word_1_95' title='bbox 740 1744 779 1803; x_wconf 87' lang='lat' dir='ltr'><strong>illi</strong></span> <span class='ocrx_word' id='word_1_96' title='bbox 788 1761 816 1804; x_wconf 88' lang='lat' dir='ltr'><strong>ut</strong></span> <span class='ocrx_word' id='word_1_97' title='bbox 827 1754 909 1814; x_wconf 83' lang='lat' dir='ltr'><strong>dares,</strong></span> 
     </span>
    </p>
   </div>
   <div class='ocr_carea' id='block_1_4' title="bbox 220 1841 1026 2436">
    <p class='ocr_par' dir='ltr' id='par_1_14' title="bbox 220 1841 919 1892">
     <span class='ocr_line' id='line_1_16' title="bbox 220 1841 919 1892; baseline 0 -2"><span class='ocrx_word' id='word_1_98' title='bbox 220 1844 313 1891; x_wconf 85' lang='lat' dir='ltr'><strong>Verum</strong></span> <span class='ocrx_word' id='word_1_99' title='bbox 324 1849 352 1891; x_wconf 91' lang='lat' dir='ltr'><strong>ut</strong></span> <span class='ocrx_word' id='word_1_100' title='bbox 360 1841 497 1891; x_wconf 74' lang='lat' dir='ltr'><strong>simulares.</strong></span> <span class='ocrx_word' id='word_1_101' title='bbox 531 1844 575 1890; x_wconf 77' lang='lat' dir='ltr'><strong>Cla.</strong></span> <span class='ocrx_word' id='word_1_102' title='bbox 594 1845 650 1890; x_wconf 88' lang='lat' dir='ltr'><strong>Non</strong></span> <span class='ocrx_word' id='word_1_103' title='bbox 663 1856 718 1891; x_wconf 88' lang='lat' dir='ltr'><strong>mea</strong></span> <span class='ocrx_word' id='word_1_104' title='bbox 729 1851 767 1892; x_wconf 89' lang='lat' dir='ltr'><strong>est</strong></span> <span class='ocrx_word' id='word_1_105' title='bbox 778 1841 919 1891; x_wconf 76' lang='lat' dir='ltr'><strong>simulatio:</strong></span> 
     </span>
    </p>

    <p class='ocr_par' dir='ltr' id='par_1_15' title="bbox 222 1931 796 1992">
     <span class='ocr_line' id='line_1_17' title="bbox 222 1931 796 1992; baseline -0.005 -11"><span class='ocrx_word' id='word_1_106' title='bbox 222 1934 260 1981; x_wconf 87' lang='lat' dir='ltr'><strong>lta</strong></span> <span class='ocrx_word' id='word_1_107' title='bbox 267 1940 295 1981; x_wconf 89' lang='lat' dir='ltr'><strong>tu</strong></span> <span class='ocrx_word' id='word_1_108' title='bbox 306 1932 373 1981; x_wconf 76' lang='lat' dir='ltr'><strong>istaec</strong></span> <span class='ocrx_word' id='word_1_109' title='bbox 384 1939 427 1981; x_wconf 89' lang='lat' dir='ltr'><strong>tua</strong></span> <span class='ocrx_word' id='word_1_110' title='bbox 437 1931 548 1992; x_wconf 80' lang='lat' dir='ltr'><strong>misceto,</strong></span> <span class='ocrx_word' id='word_1_111' title='bbox 560 1946 592 1980; x_wconf 87' lang='lat' dir='ltr'><strong>ne</strong></span> <span class='ocrx_word' id='word_1_112' title='bbox 602 1946 643 1981; x_wconf 84' lang='lat' dir='ltr'><strong>me</strong></span> <span class='ocrx_word' id='word_1_113' title='bbox 654 1931 796 1981; x_wconf 82' lang='lat' dir='ltr'><strong>admisceas.</strong></span> 
     </span>
    </p>

    <p class='ocr_par' dir='ltr' id='par_1_16' title="bbox 222 2020 849 2083">
     <span class='ocr_line' id='line_1_18' title="bbox 222 2020 849 2083; baseline -0.002 -14"><span class='ocrx_word' id='word_1_114' title='bbox 222 2020 337 2082; x_wconf 61' lang='lat' dir='ltr'><strong>liga-cui</strong></span> <span class='ocrx_word' id='word_1_115' title='bbox 348 2020 449 2070; x_wconf 91' lang='lat' dir='ltr'><strong>daturus</strong></span> <span class='ocrx_word' id='word_1_116' title='bbox 457 2035 508 2069; x_wconf 91' lang='lat' dir='ltr'><strong>non</strong></span> <span class='ocrx_word' id='word_1_117' title='bbox 520 2029 585 2081; x_wconf 87' lang='lat' dir='ltr'><strong>sum,</strong></span> <span class='ocrx_word' id='word_1_118' title='bbox 595 2029 622 2070; x_wconf 90' lang='lat' dir='ltr'><strong>ut</strong></span> <span class='ocrx_word' id='word_1_119' title='bbox 633 2020 656 2070; x_wconf 92' lang='lat' dir='ltr'><strong>ei</strong></span> <span class='ocrx_word' id='word_1_120' title='bbox 665 2020 849 2083; x_wconf 86' lang='lat' dir='ltr'><strong>despondeam?</strong></span> 
     </span>
    </p>

    <p class='ocr_par' dir='ltr' id='par_1_17' title="bbox 223 2105 982 2171">
     <span class='ocr_line' id='line_1_19' title="bbox 223 2105 982 2171; baseline -0.009 -14"><span class='ocrx_word' id='word_1_121' title='bbox 223 2110 264 2170; x_wconf 72' lang='lat' dir='ltr'><strong>Sp:</strong></span> <span class='ocrx_word' id='word_1_122' title='bbox 283 2108 426 2157; x_wconf 80' lang='lat' dir='ltr'><strong>Credebam.</strong></span> <span class='ocrx_word' id='word_1_123' title='bbox 461 2108 505 2156; x_wconf 81' lang='lat' dir='ltr'><strong>ct.</strong></span> <span class='ocrx_word' id='word_1_124' title='bbox 521 2106 636 2157; x_wconf 86' lang='lat' dir='ltr'><strong>Minime.</strong></span> <span class='ocrx_word' id='word_1_125' title='bbox 670 2110 711 2170; x_wconf 84' lang='lat' dir='ltr'><strong>Sp.</strong></span> <span class='ocrx_word' id='word_1_126' title='bbox 729 2105 982 2171; x_wconf 74' lang='lat' dir='ltr'><strong>Scitepoterutfieria</strong></span> 
     </span>
    </p>

    <p class='ocr_par' dir='ltr' id='par_1_18' title="bbox 223 2196 864 2260">
     <span class='ocr_line' id='line_1_20' title="bbox 223 2196 864 2260; baseline 0.002 -16"><span class='ocrx_word' id='word_1_127' title='bbox 223 2198 256 2245; x_wconf 82' lang='lat' dir='ltr'><strong>Et</strong></span> <span class='ocrx_word' id='word_1_128' title='bbox 267 2210 312 2257; x_wconf 78' lang='lat' dir='ltr'><strong>ego</strong></span> <span class='ocrx_word' id='word_1_129' title='bbox 322 2197 381 2257; x_wconf 88' lang='lat' dir='ltr'><strong>hoc,</strong></span> <span class='ocrx_word' id='word_1_130' title='bbox 392 2196 450 2258; x_wconf 82' lang='lat' dir='ltr'><strong>quia</strong></span> <span class='ocrx_word' id='word_1_131' title='bbox 461 2196 555 2245; x_wconf 90' lang='lat' dir='ltr'><strong>dudum</strong></span> <span class='ocrx_word' id='word_1_132' title='bbox 566 2203 594 2245; x_wconf 89' lang='lat' dir='ltr'><strong>tu</strong></span> <span class='ocrx_word' id='word_1_133' title='bbox 605 2204 734 2260; x_wconf 78' lang='lat' dir='ltr'><strong>tantopere</strong></span> <span class='ocrx_word' id='word_1_134' title='bbox 745 2199 864 2259; x_wconf 84' lang='lat' dir='ltr'><strong>jusseras,</strong></span> 
     </span>
    </p>

    <p class='ocr_par' dir='ltr' id='par_1_19' title="bbox 224 2284 1026 2436">
     <span class='ocr_line' id='line_1_21' title="bbox 224 2284 1026 2349; baseline -0.002 -15"><span class='ocrx_word' id='word_1_135' title='bbox 224 2286 261 2334; x_wconf 87' lang='lat' dir='ltr'><strong>Eo</strong></span> <span class='ocrx_word' id='word_1_136' title='bbox 282 2285 353 2349; x_wconf 89' lang='lat' dir='ltr'><strong>ooepi.</strong></span> <span class='ocrx_word' id='word_1_137' title='bbox 395 2287 438 2335; x_wconf 77' lang='lat' dir='ltr'><strong>Gt.</strong></span> <span class='ocrx_word' id='word_1_138' title='bbox 457 2286 547 2335; x_wconf 87' lang='lat' dir='ltr'><strong>Credo.</strong></span> <span class='ocrx_word' id='word_1_139' title='bbox 588 2288 630 2347; x_wconf 73' lang='lat' dir='ltr'><strong>sy.</strong></span> <span class='ocrx_word' id='word_1_140' title='bbox 658 2287 780 2336; x_wconf 84' lang='lat' dir='ltr'><strong>Caeterum</strong></span> <span class='ocrx_word' id='word_1_141' title='bbox 810 2286 924 2349; x_wconf 87' lang='lat' dir='ltr'><strong>equidem</strong></span> <span class='ocrx_word' id='word_1_142' title='bbox 952 2284 1026 2343; x_wconf 90' lang='lat' dir='ltr'><strong>istuc,</strong></span> 
     </span>
     <span class='ocr_line' id='line_1_22' title="bbox 289 2376 406 2436; baseline -0.017 -10"><span class='ocrx_word' id='word_1_143' title='bbox 289 2376 406 2436; x_wconf 80' lang='lat' dir='ltr'><strong>Chreme,</strong></span> 
     </span>
    </p>
   </div>
   <div class='ocr_carea' id='block_1_5' title="bbox 224 2470 952 3159">
    <p class='ocr_par' dir='ltr' id='par_1_20' title="bbox 224 2470 867 2536">
     <span class='ocr_line' id='line_1_23' title="bbox 224 2470 867 2536; baseline -0.002 -15"><span class='ocrx_word' id='word_1_144' title='bbox 224 2470 299 2534; x_wconf 79' lang='lat' dir='ltr'><strong>AEqui</strong></span> <span class='ocrx_word' id='word_1_145' title='bbox 309 2471 416 2536; x_wconf 85' lang='lat' dir='ltr'><strong>bonique</strong></span> <span class='ocrx_word' id='word_1_146' title='bbox 427 2472 500 2522; x_wconf 82' lang='lat' dir='ltr'><strong>facio.</strong></span> <span class='ocrx_word' id='word_1_147' title='bbox 536 2472 579 2521; x_wconf 77' lang='lat' dir='ltr'><strong>ot.</strong></span> <span class='ocrx_word' id='word_1_148' title='bbox 595 2472 671 2535; x_wconf 87' lang='lat' dir='ltr'><strong>Atqui</strong></span> <span class='ocrx_word' id='word_1_149' title='bbox 682 2486 739 2521; x_wconf 90' lang='lat' dir='ltr'><strong>cum</strong></span> <span class='ocrx_word' id='word_1_150' title='bbox 750 2485 867 2521; x_wconf 85' lang='lat' dir='ltr'><strong>maxume</strong></span> 
     </span>
    </p>

    <p class='ocr_par' dir='ltr' id='par_1_21' title="bbox 225 2560 824 2625">
     <span class='ocr_line' id='line_1_24' title="bbox 225 2560 824 2625; baseline -0.002 -16"><span class='ocrx_word' id='word_1_151' title='bbox 225 2562 291 2609; x_wconf 92' lang='lat' dir='ltr'><strong>Volo</strong></span> <span class='ocrx_word' id='word_1_152' title='bbox 302 2567 327 2609; x_wconf 82' lang='lat' dir='ltr'><strong>tc</strong></span> <span class='ocrx_word' id='word_1_153' title='bbox 338 2560 397 2610; x_wconf 90' lang='lat' dir='ltr'><strong>dare</strong></span> <span class='ocrx_word' id='word_1_154' title='bbox 409 2574 508 2625; x_wconf 85' lang='lat' dir='ltr'><strong>operam</strong></span> <span class='ocrx_word' id='word_1_155' title='bbox 519 2567 548 2609; x_wconf 90' lang='lat' dir='ltr'><strong>ut</strong></span> <span class='ocrx_word' id='word_1_156' title='bbox 557 2560 610 2621; x_wconf 84' lang='lat' dir='ltr'><strong>fiat,</strong></span> <span class='ocrx_word' id='word_1_157' title='bbox 622 2576 707 2609; x_wconf 87' lang='lat' dir='ltr'><strong>verum</strong></span> <span class='ocrx_word' id='word_1_158' title='bbox 718 2560 767 2611; x_wconf 85' lang='lat' dir='ltr'><strong>alia</strong></span> <span class='ocrx_word' id='word_1_159' title='bbox 777 2561 824 2609; x_wconf 87' lang='lat' dir='ltr'><strong>via.</strong></span> 
     </span>
    </p>

    <p class='ocr_par' dir='ltr' id='par_1_22' title="bbox 226 2647 858 2713">
     <span class='ocr_line' id='line_1_25' title="bbox 226 2647 858 2713; baseline -0.002 -14"><span class='ocrx_word' id='word_1_160' title='bbox 226 2654 267 2711; x_wconf 80' lang='lat' dir='ltr'><strong>Sp.</strong></span> <span class='ocrx_word' id='word_1_161' title='bbox 285 2650 355 2699; x_wconf 81' lang='lat' dir='ltr'><strong>Fiat:</strong></span> <span class='ocrx_word' id='word_1_162' title='bbox 375 2657 499 2712; x_wconf 76' lang='lat' dir='ltr'><strong>quaeratur</strong></span> <span class='ocrx_word' id='word_1_163' title='bbox 509 2649 591 2699; x_wconf 77' lang='lat' dir='ltr'><strong>aliudz</strong></span> <span class='ocrx_word' id='word_1_164' title='bbox 609 2650 652 2699; x_wconf 81' lang='lat' dir='ltr'><strong>sed</strong></span> <span class='ocrx_word' id='word_1_165' title='bbox 663 2650 725 2699; x_wconf 92' lang='lat' dir='ltr'><strong>illud</strong></span> <span class='ocrx_word' id='word_1_166' title='bbox 735 2649 801 2713; x_wconf 89' lang='lat' dir='ltr'><strong>quod</strong></span> <span class='ocrx_word' id='word_1_167' title='bbox 812 2647 858 2698; x_wconf 89' lang='lat' dir='ltr'><strong>tibi</strong></span> 
     </span>
    </p>

    <p class='ocr_par' dir='ltr' id='par_1_23' title="bbox 225 2738 799 2803">
     <span class='ocr_line' id='line_1_26' title="bbox 225 2738 799 2803; baseline -0.002 -15"><span class='ocrx_word' id='word_1_168' title='bbox 225 2739 285 2788; x_wconf 82' lang='lat' dir='ltr'><strong>Dixi</strong></span> <span class='ocrx_word' id='word_1_169' title='bbox 293 2739 323 2788; x_wconf 89' lang='lat' dir='ltr'><strong>de</strong></span> <span class='ocrx_word' id='word_1_170' title='bbox 333 2746 445 2801; x_wconf 74' lang='lat' dir='ltr'><strong>argent),</strong></span> <span class='ocrx_word' id='word_1_171' title='bbox 457 2738 522 2803; x_wconf 85' lang='lat' dir='ltr'><strong>quod</strong></span> <span class='ocrx_word' id='word_1_172' title='bbox 533 2739 580 2787; x_wconf 91' lang='lat' dir='ltr'><strong>ista</strong></span> <span class='ocrx_word' id='word_1_173' title='bbox 588 2739 662 2787; x_wconf 84' lang='lat' dir='ltr'><strong>debet</strong></span> <span class='ocrx_word' id='word_1_174' title='bbox 672 2738 799 2797; x_wconf 80' lang='lat' dir='ltr'><strong>Bacchidi,</strong></span> 
     </span>
    </p>

    <p class='ocr_par' dir='ltr' id='par_1_24' title="bbox 227 2827 834 2889">
     <span class='ocr_line' id='line_1_27' title="bbox 227 2827 834 2889; baseline -0.003 -12"><span class='ocrx_word' id='word_1_175' title='bbox 227 2828 255 2877; x_wconf 93' lang='lat' dir='ltr'><strong>ld</strong></span> <span class='ocrx_word' id='word_1_176' title='bbox 266 2842 333 2877; x_wconf 91' lang='lat' dir='ltr'><strong>nuno</strong></span> <span class='ocrx_word' id='word_1_177' title='bbox 344 2828 528 2878; x_wconf 82' lang='lat' dir='ltr'><strong>reddendum&#39;st</strong></span> <span class='ocrx_word' id='word_1_178' title='bbox 539 2827 592 2877; x_wconf 82' lang='lat' dir='ltr'><strong>illi:</strong></span> <span class='ocrx_word' id='word_1_179' title='bbox 611 2840 691 2889; x_wconf 88' lang='lat' dir='ltr'><strong>neque</strong></span> <span class='ocrx_word' id='word_1_180' title='bbox 703 2835 730 2877; x_wconf 89' lang='lat' dir='ltr'><strong>tu</strong></span> <span class='ocrx_word' id='word_1_181' title='bbox 741 2827 834 2877; x_wconf 80' lang='lat' dir='ltr'><strong>scilicet</strong></span> 
     </span>
    </p>

    <p class='ocr_par' dir='ltr' id='par_1_25' title="bbox 227 2908 952 3068">
     <span class='ocr_line' id='line_1_28' title="bbox 227 2908 952 2978; baseline 0 -13"><span class='ocrx_word' id='word_1_182' title='bbox 227 2918 265 2965; x_wconf 81' lang='lat' dir='ltr'><strong>Eo</strong></span> <span class='ocrx_word' id='word_1_183' title='bbox 275 2930 341 2964; x_wconf 88' lang='lat' dir='ltr'><strong>nunc</strong></span> <span class='ocrx_word' id='word_1_184' title='bbox 350 2916 486 2978; x_wconf 81' lang='lat' dir='ltr'><strong>confugies,</strong></span> <span class='ocrx_word' id='word_1_185' title='bbox 499 2916 565 2971; x_wconf 84' lang='lat' dir='ltr'><strong>Quid</strong></span> <span class='ocrx_word' id='word_1_186' title='bbox 576 2918 651 2965; x_wconf 78' lang='lat' dir='ltr'><strong>meai</strong></span> <span class='ocrx_word' id='word_1_187' title='bbox 671 2930 731 2965; x_wconf 90' lang='lat' dir='ltr'><strong>num</strong></span> <span class='ocrx_word' id='word_1_188' title='bbox 744 2914 805 2965; x_wconf 90' lang='lat' dir='ltr'><strong>mihi</strong></span> <span class='ocrx_word' id='word_1_189' title='bbox 816 2908 952 2965; x_wconf 78' lang='lat' dir='ltr'><strong>datumist?</strong></span> 
     </span>
     <span class='ocr_line' id='line_1_29' title="bbox 228 3004 781 3068; baseline 0.005 -17"><span class='ocrx_word' id='word_1_190' title='bbox 228 3006 295 3053; x_wconf 86' lang='lat' dir='ltr'><strong>Num</strong></span> <span class='ocrx_word' id='word_1_191' title='bbox 303 3004 386 3063; x_wconf 77' lang='lat' dir='ltr'><strong>iussi?</strong></span> <span class='ocrx_word' id='word_1_192' title='bbox 405 3020 465 3054; x_wconf 88' lang='lat' dir='ltr'><strong>uum</strong></span> <span class='ocrx_word' id='word_1_193' title='bbox 476 3005 520 3053; x_wconf 89' lang='lat' dir='ltr'><strong>illa</strong></span> <span class='ocrx_word' id='word_1_194' title='bbox 531 3004 691 3068; x_wconf 75' lang='lat' dir='ltr'><strong>oppignerare</strong></span> <span class='ocrx_word' id='word_1_195' title='bbox 702 3005 781 3054; x_wconf 88' lang='lat' dir='ltr'><strong>liliam&#39;</strong></span> 
     </span>
    </p>

    <p class='ocr_par' dir='ltr' id='par_1_26' title="bbox 228 3094 876 3159">
     <span class='ocr_line' id='line_1_30' title="bbox 228 3094 876 3159; baseline -0.002 -16"><span class='ocrx_word' id='word_1_196' title='bbox 228 3095 312 3143; x_wconf 83' lang='lat' dir='ltr'><strong>Meam</strong></span> <span class='ocrx_word' id='word_1_197' title='bbox 323 3108 363 3143; x_wconf 85' lang='lat' dir='ltr'><strong>mc</strong></span> <span class='ocrx_word' id='word_1_198' title='bbox 373 3094 450 3145; x_wconf 85' lang='lat' dir='ltr'><strong>inrito</strong></span> <span class='ocrx_word' id='word_1_199' title='bbox 460 3095 557 3159; x_wconf 85' lang='lat' dir='ltr'><strong>potuit?</strong></span> <span class='ocrx_word' id='word_1_200' title='bbox 578 3109 661 3144; x_wconf 83' lang='lat' dir='ltr'><strong>rerum</strong></span> <span class='ocrx_word' id='word_1_201' title='bbox 673 3094 746 3157; x_wconf 88' lang='lat' dir='ltr'><strong>illud,</strong></span> <span class='ocrx_word' id='word_1_202' title='bbox 759 3095 876 3154; x_wconf 84' lang='lat' dir='ltr'><strong>Chreme,</strong></span> 
     </span>
    </p>
   </div>
   <div class='ocr_carea' id='block_1_6' title="bbox 0 0 1255 3800">
    <p class='ocr_par' dir='ltr' id='par_1_27' title="bbox 0 0 1255 3800">
     <span class='ocr_line' id='line_1_31' title="bbox 0 0 1255 3800; baseline 0 0"><span class='ocrx_word' id='word_1_203' title='bbox 0 0 1255 3800; x_wconf 95' lang='lat' dir='ltr'><strong> </strong></span> 
     </span>
    </p>
   </div>
  </div>
 </body>
</html>
