2459 3800
227 431 278 482 262
429 435 458 485 P.
472 435 635 486 umanum
654 435 798 488 HECYRA.

229 574 278 622 Pro
289 572 421 636 iuppiter!
439 574 573 624 clamorem
586 575 676 626 audivi.
711 579 776 626 Poro
787 573 983 639 Tute‘ioqueris,
995 591 1037 628 me

294 671 369 714 vetas.
854 699 858 712 .
875 699 880 710 .

230 755 284 816 My.
300 755 366 803 Tace
382 755 496 816 obsecro,
507 769 562 804 mea
570 765 653 817 gnata.
686 757 759 807 Pom.
775 756 864 808 Matris
882 771 930 806 vox
950 755 1038 806 visatat

297 842 457 894 Philumenae.
816 887 820 894 .
867 909 869 912 Ι

232 933 324 983 Nullus
335 937 408 983 sum!
432 937 494 984 Por.
507 933 652 990 Quidum?
678 937 750 984 Pam.
764 935 845 985 Perii!
871 937 931 985 Par.
943 936 1039 990 Quam·

297 1023 405 1071 obrem?
440 1024 513 1072 Pam.
530 1022 621 1072 Neaeio
632 1023 698 1085 quod
708 1037 824 1085 magnum
838 1023 931 1072 malum
1016 1041 1018 1045 ·

235 1111 360 1173 Profecto,
381 1114 513 1175 Parmeno,
533 1127 573 1162 me
592 1114 668 1162 oelaa.
700 1116 761 1164 Par.
779 1115 891 1166 Uxorem
912 1112 1041 1164 Philume-

301 1216 359 1251 uam

237 1290 360 1354 Pavitare,
372 1293 455 1343 nescio
465 1293 533 1356 quid,
544 1293 676 1344 dixerunt:
695 1293 720 1344 id
731 1293 752 1343 ai
762 1294 886 1356 fortuma,
899 1293 991 1343 nescio.
1004 1329 1007 1334 r

237 1385 310 1433 Pom.
328 1382 433 1433 Interii!
458 1398 503 1433 eur
521 1383 583 1432 mihi
602 1383 629 1433 id
649 1398 699 1433 non
713 1383 796 1434 dixu?
832 1385 893 1432 Par.
910 1381 974 1437 Quia
991 1395 1043 1430 uon

304 1481 416 1538 poteram
426 1488 477 1524 una
486 1474 579 1524 omnia.

240 1565 311 1612 Pam.
329 1563 395 1616 Quid
412 1562 493 1612 morbi
509 1564 577 1633 eat?-
599 1565 661 1613 Par.
677 1562 777 1612 Nescio.
809 1564 881 1612 Pom.
898 1558 981 1616 Quid?
999 1574 1044 1610 ne·

306 1671 379 1706 mone
392 1656 514 1706 medicum
525 1656 649 1706 adduxit?
687 1659 746 1706 Por.
764 1655 863 1718 Nescio.
959 1672 963 1679 ·

240 1751 312 1797 Pom.
330 1748 406 1797 Cesso
416 1747 474 1796 hinc
485 1746 522 1796 ire
533 1746 611 1806 intro,
621 1754 651 1796 ut
666 1747 715 1798 hoc
726 1746 918 1811 quamprimum,
929 1743 1053 1810 quicquid*

308 1845 356 1901 eat,
367 1844 436 1888 certo
447 1838 523 1888 sciam
534 1841 545 1887 ἓ

243 1934 358 1993 Quonam
370 1930 456 1990 modo,
474 1930 622 1981 Philumena
633 1943 698 1990 mea,
717 1943 783 1978 nuno
801 1937 825 1979 te
842 1928 965 1979 offendam
978 1928 1051 1979 affec·

308 2023 381 2069 tam?
820 2068 822 2073 .

246 2113 312 2159 Nam
323 2108 344 2179 si
354 2108 490 2173 perieulum
500 2110 582 2161 ullum
594 2108 621 2158 in
639 2117 664 2158 ae
681 2108 756 2171 ineat,
767 2108 859 2173 perisse
870 2120 910 2157 me
920 2120 970 2157 una
988 2106 1051 2155 haut

311 2198 414 2248 dubium
424 2205 470 2249 eat.

247 2291 308 2352 Pore
325 2289 382 2337 Nou
390 2302 450 2337 uaua
460 2288 525 2337 facto
534 2295 573 2351 eat
584 2286 645 2336 mihi
657 2302 723 2337 nuuc
733 2288 801 2337 hunc
813 2286 880 2337 intro
891 2284 973 2349 aequi>

248 2379 314 2427 Nam
323 2376 415 2432 inuisos
426 2376 508 2427 omnia
521 2391 567 2426 noa
578 2391 632 2427 ease
641 2376 691 2425 illia
703 2376 792 2426 sentio.

250 2468 311 2519 Heri
322 2482 396 2517 nemo
403 2467 487 2526 ¹voluit
495 2469 630 2523 Sostratam
642 2466 709 2517 intro
720 2465 857 2517 admittere.

250 2559 278 2609 Si
288 2560 352 2609 forae
362 2558 464 2607 morbua
474 2556 580 2622 amplior
588 2558 667 2606 factus
678 2556 735 2617 siet,
833 2586 836 2593 .

251 2647 324 2703 Quod
334 2660 392 2697 sane
401 2645 491 2707 nolim,
499 2660 616 2695 maxume
627 2644 684 2693 heri
694 2657 768 2694 cauaa
780 2643 841 2693 mei:

252 2739 355 2789 Servom
365 2736 433 2787 illico
444 2736 560 2785 inuoiase
571 2735 653 2784 dicent
662 2736 796 2795 Sostratoe3

251 2826 353 2888 Aliquid
363 2825 449 2875 tulisse
458 2822 675 2873 comminiscentur
685 2821 745 2871 mali
747 2857 756 2883 ,

255 2916 334 2981 Capiti
345 2924 418 2979 atque
426 2915 493 2965 atati
501 2914 613 2974 illorum,
623 2913 726 2962 morbus
737 2910 779 2974 qui
791 2917 877 2959 auctus
889 2908 943 2959 siet.
967 2922 971 2929 ’

255 3009 322 3056 Hera
333 3005 360 3056 in
370 3004 464 3056 crimen
475 3002 575 3065 venien
592 3017 638 3064 ego
649 3016 706 3051 vero
718 2998 742 3049 in
755 3013 869 3062 magnum
879 2998 980 3047 malum.
