2459 3800
246 494 294 540 alt
451 496 481 546 P,
494 493 655 544 uenalem
673 492 840 542 Plionttlo.

454 762 564 812 ACTUS
582 763 612 810 V.
637 763 757 815 ,scENA
774 763 829 811 vll.

406 875 541 923 Dnmrrao.
575 877 712 924 Phormio.
746 876 887 924 cunnum.

243 971 291 1024 Dis
303 985 402 1032 magnas
411 970 499 1021 merito
508 971 598 1034 gratias
609 972 699 1036 habeo,
710 979 783 1033 atque
794 985 853 1033 ago:

241 1061 345 1118 Quando
356 1073 457 1109 evenere
468 1061 520 1107 haec
532 1059 613 1119 nobis,
625 1061 711 1120 frater,
723 1073 848 1122 prospere.

245 1154 370 1206 Quantum
381 1157 471 1211 potest,
482 1162 548 1197 nune
560 1148 745 1198 conveniendus
758 1147 875 1196 Phormio
885 1156 932 1208 est,

243 1239 388 1301 Priusquam
398 1238 515 1300 dilapidet
526 1246 622 1286 nostras
632 1238 733 1298 triginta
742 1238 832 1298 minas,

245 1330 281 1378 Ut
289 1328 438 1377 auferamus.
472 1330 519 1376 Pt.
537 1326 732 1388 Demiphonem,
743 1327 765 1375 si
777 1326 904 1388 domi-est,

243 1416 346 1477 Visom;
363 1414 545 1476 utquod—De.
564 1415 598 1462 At
609 1429 655 1464 nos
667 1414 698 1461 ad
710 1423 734 1462 te
746 1414 851 1475 ibamus,
859 1412 984 1463 Phormio.

244 1506 290 1552 Pb.
307 1505 345 1556 De
362 1503 446 1552 eadem
466 1504 512 1553 hae
523 1506 629 1554 tortasse
646 1506 741 1552 cama?
761 1506 809 1552 De.
827 1505 865 1552 lta
875 1504 965 1551 hercle.
999 1504 1048 1551 Pb.

311 1593 418 1642 Credidi.

242 1681 309 1746 Quid
319 1682 350 1731 ad
361 1697 400 1731 me
412 1681 500 1731 ibatis?
520 1682 653 1731 ridiculum
667 1685 674 1730 i
693 1679 853 1740 verebamini,

241 1773 281 1820 Ne
292 1784 343 1819 non
354 1770 379 1819 id
391 1771 506 1830 facerem,
519 1771 585 1832 qnod
597 1769 742 1833 recepissem
753 1769 847 1817 semel?

241 1861 320 1920 Heus,
332 1866 423 1931 quanta
433 1867 524 1922 quanta
534 1859 587 1909 haec
599 1872 653 1907 mea
664 1865 794 1922 paupertas
806 1865 854 1918 est,
862 1863 946 1905 tamen

240 1948 328 1997 Adhuc
339 1949 422 1997 curavi
435 1963 511 1997 unum
522 1950 569 1997 hoc
581 1947 691 2010 quidem,
710 1956 739 1995 ut
750 1947 811 1995 mihi
820 1953 884 1995 esset
892 1945 962 1994 fides.

242 2039 285 2086 et.
294 2066 295 2071 =
303 2039 378 2086 Estne
389 2051 418 2085 ea
428 2036 472 2096 ia,
483 2044 512 2084 ut
522 2036 585 2095 dixi,
596 2035 708 2084 liberalis
719 2037 729 2083 i
748 2036 797 2083 De.
814 2034 920 2103 Oppido.

238 2126 285 2172 Pt.
304 2125 388 2185 ltaque
397 2124 427 2171 ad
436 2136 478 2171 vos
490 2123 561 2173 venio
573 2125 727 2183 nunciatum,
740 2123 873 2186 Demipho,

242 2215 357 2261 Paratum
370 2226 408 2260 me
420 2226 488 2261 esse:
505 2212 548 2261 uhi
560 2212 645 2273 voltis,
654 2228 759 2263 uxorem
770 2213 833 2262 date.

240 2304 306 2350 Nam
317 2302 398 2349 omnis
409 2302 538 2363 posthabui
550 2302 611 2350 mihi
621 2316 671 2363 res,
683 2302 717 2351 ita
728 2303 764 2351 uti
775 2316 819 2366 par
829 2301 887 2363 fuit,

241 2391 372 2452 Postquam
385 2396 512 2453 tantopere
522 2391 547 2441 id
560 2406 603 2440 vos
614 2392 678 2439 velle
689 2391 919 2440 animadverteram.

238 2481 287 2527 De.
304 2479 338 2526 At
347 2478 387 2527 hie
398 2479 539 2527 dehortatus
551 2488 590 2529 est
600 2495 651 2539 me,
660 2493 692 2526 ne
700 2479 769 2527 illam
781 2478 826 2527 tibi
840 2479 932 2528 darem.

239 2569 305 2615 Nam
315 2567 358 2628 qui
368 2567 417 2615 erit
426 2582 512 2616 rumor
523 2568 618 2630 populi,
628 2567 718 2630 inquit,
728 2568 750 2616 si
758 2567 784 2615 id
795 2567 901 2615 feceris?

239 2655 307 2705 Olim
317 2670 391 2717 quum
403 2657 506 2705 honeste
519 2656 608 2719 potuit,
620 2663 673 2704 tum
686 2670 736 2704 non
747 2663 785 2705 est
797 2656 870 2705 data:

237 2744 310 2791 Nunc
322 2742 419 2791 viduam
429 2744 525 2793 extrudi
538 2746 642 2806 turpe'st
653 2765 659 2794 z
678 2744 756 2793 ferme
767 2745 853 2793 eadem
864 2744 957 2804 omnia,

237 2832 298 2885 Quae
307 2838 358 2881 tute
371 2832 463 2880 dudum
474 2848 557 2882 coram
570 2849 609 2882 me
621 2834 785 2883 incttsareras.

238 2920 282 2966 Plt.
300 2920 379 2969 Satin'
387 2922 489 2983 superbe
501 2922 604 2971 illuditis
614 2925 674 2971 me?
710 2925 758 2970 De.
776 2922 845 2977 oui?
880 2923 927 2970 Pl.
938 2922 1036 2982 Rogas.

238 3004 303 3059 Quia
313 3020 344 3054 ne
354 3008 457 3057 alteram
467 3009 564 3071 quidem
576 3010 646 3059 illam
657 3019 745 3073 potero
756 3011 857 3061 ducere:

241 3097 306 3143 Nam
316 3109 365 3157 quo
376 3096 462 3145 redibo
471 3112 513 3146 ore
525 3099 556 3147 ad
567 3112 632 3160 earn,
644 3113 717 3160 quam
728 3098 920 3149 contemserim?
