2459 3800
232 488 265 536 82
424 493 459 539 P..
468 490 627 540 TERENTII
644 485 843 540 EUNUCHUS.

463 750 575 799 Acriis
593 750 640 797 111.
685 746 795 799 SCENA
812 746 833 795 1.

414 864 530 913 Tnumo.
563 865 684 913 Gnurrro.
718 864 857 911 Pununuo.

233 976 349 1023 Mecum
359 988 417 1024 vero
428 988 501 1037 ogere
511 975 601 1037 mune
612 975 688 1025 'l'hnls
699 974 761 1024 mihi
772 976 782 1023 ἓ

236 1064 282 1112 θη
299 1065 421 1125 Ingentes.
456 1066 501 1114 Τη.
517 1053 632 1115 Αἰὶιίιι.>
650 1062 757 1115 laeta’st?
793 1065 838 1112 θη
856 1058 1036 1123 Nouumipno

300 1152 399 1215 quidem

235 1243 320 1302 Dono,
331 1256 404 1305 quom
415 1243 459 1291 obe
468 1250 493 1292 te
509 1242 671 1292 detumesce:
689 1242 714 1291 id
721 1256 779 1292 vero
788 1241 853 1292 serio

233 1330 390 1395 Triumpho&
422 1335 483 1381 Por.
500 1335 556 1383 Huc
566 1333 675 1396 proviso,
687 1341 725 1393 ut,
735 1332 777 1382 ubi
787 1339 884 1396 tempus
896 1330 952 1391 siet,

237 1420 376 1471 Dedncum:
398 1423 443 1472 sed
452 1437 536 1473 eccum
548 1422 662 1477 militem.
697 1424 743 1471 Tu.
759 1424 805 1471 Est
815 1422 877 1471 ictuc
888 1421 973 1471 domm

237 1510 363 1572 Profecto,
374 1519 402 1560 ut
411 1519 479 1573 gruta
490 1511 551 1561 mihi
562 1511 622 1573 sint,
631 1526 685 1575 quie
697 1511 772 1572 facio,
784 1511 876 1560 omnio.

240 1601 287 1648 θη
303 1599 407 1649 Adverti
423 1602 507 1652 hercle
521 1601 639 1651 animum.
675 1603 721 1650 Ti.
736 1601 783 1651 Vel
800 1614 845 1651 rex
857 1613 953 1664 semper
968 1612 1039 1651 mox·

302 1688 366 1738 imae

238 1775 303 1824 Mihi
315 1778 411 1837 egebat,
423 1776 537 1839 quioquid
547 1778 666 1827 feceram:
684 1777 740 1827 aliie
748 1793 798 1828 uon
811 1779 879 1829 item.
981 1816 982 1821 ¹

241 1866 287 1915 θη.
304 1866 400 1916 Labore
408 1865 490 1917 alieno
499 1878 612 1928 magnam
623 1874 720 1930 partem
731 1867 835 1929 gloriam

238 1953 326 2004 Verbis
336 1970 399 2019 nepe
410 1955 436 2003 iu
449 1969 475 2005 ee
486 1962 647 2017 transmovet,
659 1956 700 2019 qni
712 1957 785 2022 habet
794 1959 882 2018 sulem,

241 2044 314 2100 Quod
324 2044 388 2094 inte
401 2053 447 2094 ceu
482 2047 528 2093 Tu.
545 2046 636 2094 Habes.
671 2047 717 2095 θη.
734 2049 823 2097 Rexte
840 2062 899 2110 ergo
910 2047 935 2098 in
956 2049 1041 2100 oculis·

308 2136 355 2183 ΤΙι.
372 2134 479 2184 Scilicet.
653 2194 655 2200 Ι

242 2223 288 2271 θη.
304 2221 409 2271 Gestire.
445 2224 491 2272 Tr.
505 2224 586 2287 Vero;
603 2223 704 2276 credere
715 2238 814 2275 omnem
824 2227 971 2290 exercitum,

243 2309 362 2359 Consilio.
395 2313 442 2360 θη.
457 2312 561 2360 Mirum.
596 2315 643 2363 Ti.
660 2314 726 2365 Tum
737 2314 815 2364 sicubi
826 2331 883 2365 eum
894 2317 992 2368 satietas

242 2399 391 2460 Hominum,
401 2407 445 2449 eut
454 2401 536 2464 negoti
546 2402 567 2451 ui
578 2405 677 2465 quando
689 2404 773 2454 odium
782 2414 879 2468 ceperat
890 2427 896 2456 :

244 2489 406 2553 Requiescere
417 2489 460 2540 ubi
471 2492 578 2554 volebat,
587 2493 673 2556 quasi:
691 2494 782 2544 uosiin'
794 2496 805 2542 i
841 2496 887 2543 θη.
898 2494 966 2544 Scio:

246 2578 323 2634 Quasi
343 2577 386 2628 ubi
408 2579 477 2630 illem
499 2590 631 2646 exspueret
657 2581 781 2632 miserium
807 2596 839 2631 ex
859 2583 951 2633 animo.
998 2587 1043 2636 Tr.

308 2669 398 2718 Tenen.
743 2715 745 2720 ,

247 2760 313 2807 'ium
340 2773 381 2808 mc
401 2759 528 2810 convivam
549 2760 630 2809 solum
658 2759 794 2836 abducerer
810 2759 866 2810 eibi.
901 2762 947 2810 θη.
975 2759 1043 2810 Hui!

247 2853 338 2914 Regem
346 2853 482 2915 elegantem
494 2867 588 2902 narras.
624 2855 670 2902 Th.
688 2854 741 2903 lmo
750 2852 785 2903 sic
796 2854 905 2902 homo’st

247 2944 428 3005 Perpaucorum
439 2942 578 2992 hominum.
612 2943 658 2991 θη.
676 2943 729 2991 imo
741 2942 868 2991 nullorum
880 2941 997 3003 arbitror,

246 3029 274 3081 Si
285 3038 365 3080 cecum
374 3031 441 3080 vivit.
477 3033 524 3080 Τη.
540 3030 652 3080 Invidere
663 3045 749 3080 omnen
764 3029 839 3081 mihi:

248 3121 364 3170 Mordere
373 3122 531 3175 clanculum:
548 3135 595 3184 ego
606 3135 656 3170 non
668 3120 738 3171 flocci
749 3121 855 3185 pendere
868 3139 874 3170 =
