2459 3800
241 529 286 576 15ss
325 530 352 576 P.
368 530 529 579 TEREN'PH
548 528 981 581 HEAUTONTIMORUMENOS.

236 675 293 728 Quo
304 687 419 722 maxume
429 672 493 736 apud
503 681 528 721 te
541 687 567 721 se
579 673 661 721 valere
672 672 780 735 sentiet3

237 762 370 811 Abiturum
381 776 408 811 se
420 763 463 811 abs
475 769 499 810 te
509 776 563 811 esse
575 760 644 811 illico
654 762 796 811 minabitur.

236 853 304 899 Men.
321 852 410 901 Videre
421 866 516 912 verum,
528 860 601 913 atque
612 851 647 900 ita
658 852 694 900 uti
705 865 744 899 res
756 858 802 910 est,
814 849 904 899 dicere.

238 942 280 989 Ch.
298 942 419 990 Somnum
430 942 513 991 hercle
524 956 569 1002 ego
580 942 626 989 hac
637 950 709 991 nocte
720 941 797 991 oculis
809 956 860 990 non
871 940 920 989 vidi
932 939 1005 1001 meis,

237 1032 302 1080 Dum
314 1031 340 1080 id
350 1046 444 1093 quero,
454 1031 499 1080 tibi
510 1031 551 1094 qui
564 1032 643 1081 tilium
653 1032 817 1082 restituerem.

237 1123 304 1169 Men.
328 1121 395 1170 Cedo
421 1121 547 1171 dextram:
577 1136 654 1185 porro
680 1129 705 1171 te
733 1121 798 1171 idem
825 1135 872 1170 oro
898 1127 927 1169 ut
953 1118 1037 1179 faciat,

304 1212 417 1261 Chreme.

239 1300 283 1348 Cir.
301 1302 402 1349 Paratus
413 1316 477 1350 sum.
511 1300 674 1363 Mensem,
691 1301 749 1363 quid
762 1316 827 1350 nunc
840 1301 953 1350 facerete
963 1298 1037 1347 volo?

240 1390 286 1437 ot.
300 1387 355 1438 Dic.
387 1392 454 1437 Men.
471 1390 549 1444 Quod
555 1389 653 1439 sensisti
664 1390 721 1439 ilios
733 1404 772 1439 me
783 1389 889 1453 incipere
900 1388 998 1446 fallere,

240 1479 268 1528 ld
276 1486 307 1527 ut
315 1486 439 1528 maturent
450 1480 546 1529 facere:
565 1481 637 1543 cupio
648 1481 686 1530 illi
697 1481 766 1540 dare,

239 1567 313 1623 Quod
323 1569 376 1616 volt
387 1589 392 1617 :
411 1568 483 1631 cupio
490 1570 543 1629 iam
553 1568 643 1618 videre.
678 1570 721 1617 Clr.
739 1570 845 1631 Operam
858 1568 921 1617 dabo
931 1588 937 1615 ι

239 1659 314 1721 Syrus
326 1665 364 1707 est
374 1658 561 1721 prehendendus
570 1666 643 1720 atque
653 1657 820 1707 adhortandus
828 1658 898 1706 mihi.

239 1748 262 1795 A
272 1761 311 1795 me
320 1746 404 1796 nescio
415 1747 470 1809 quis
481 1747 547 1797 exit:
566 1747 674 1795 concede
685 1746 743 1795 hinc
754 1746 867 1806 domurn,

239 1837 279 1884 Ne
289 1850 335 1884 nos
344 1836 410 1883 inter
421 1850 466 1884 nos
475 1850 608 1896 congruere
621 1835 736 1884 sentiant.

240 1927 371 1975 Paululum
384 1926 465 1987 negoti
476 1925 538 1973 mihi
548 1927 644 1975 obstat:
662 1925 746 1974 Simus
759 1931 785 1974 et
796 1923 865 1974 Crito

239 2015 321 2065 Vicini
331 2015 411 2064 nostri
419 2015 460 2063 hic
471 2013 598 2075 ambigunt
608 2015 639 2063 de
647 2015 739 2064 finibus
751 2037 756 2064 :
835 1997 836 2000 Ἴ

240 2106 283 2153 Me
292 2119 379 2168 cepere
389 2105 509 2153 arbitrum
522 2125 528 2154 ι
547 2104 588 2152 ibo
600 2119 628 2153 ac
639 2104 719 2154 dicam
723 2141 730 2166 ‚
742 2112 770 2154 ut
781 2104 893 2154 dixeram

242 2194 348 2257 Operam
360 2194 476 2244 daturum
488 2209 539 2255 me,
551 2195 624 2243 hodie
636 2209 686 2244 non
697 2209 768 2258 posse
779 2194 808 2244 iis
818 2195 883 2244 dare.

242 2283 367 2333 Continuo
384 2284 425 2332 hic
448 2283 530 2333 adero.
565 2285 633 2333 Mea.
650 2285 687 2333 Ita
709 2298 800 2347 quaeto.
837 2284 994 2333 Divostranr
1016 2285 1045 2331 ii-

309 2372 381 2421 dem!

241 2464 279 2511 ita
289 2469 457 2524 comparatam
466 2475 519 2510 esse
529 2461 660 2511 hominum
673 2469 786 2512 naturam
798 2461 920 2523 omnium,
1003 2531 1005 2533 Ι

240 2549 330 2600 Aliena
341 2558 370 2599 ut
378 2550 467 2599 melius
477 2551 575 2600 videant
584 2559 610 2600 et
619 2550 764 2612 dijudicent,

241 2641 321 2694 Quom
331 2643 396 2689 sua?
416 2654 448 2712 pu
462 2655 493 2689 eo
503 2641 541 2701 fit,
553 2640 648 2711 quintin
660 2655 687 2688 re
699 2621 794 2702 nostra,
804 2648 847 2689 aut
855 2641 943 2703 gaudio

242 2729 333 2782 Sumus
345 2729 470 2792 praepediti
481 2729 571 2789 nimio,
583 2737 627 2778 aut
635 2728 800 2790 egritudine?

243 2819 290 2866 Hic
299 2818 360 2867 mihi
372 2829 464 2880 quanto
476 2835 542 2868 nunc
553 2821 608 2882 plus
619 2819 690 2882 sapit,
700 2833 772 2881 quam
785 2827 882 2879 egomet
893 2819 952 2868 mihi
963 2823 969 2866 i

244 2911 286 2956 Cis.
304 2909 410 2960 Dissolvi
422 2926 461 2959 me
472 2911 549 2973 ocius,
560 2925 660 2975 operam
671 2918 697 2959 ut
708 2910 751 2958 tibi
760 2909 851 2959 darem.
