2459 3800
431 518 542 569 Acws
559 519 601 567 IV.
635 515 745 566 sanA
762 516 794 565 11.
964 516 1012 565 215

209 656 247 704 Gt.
266 655 339 703 Pater
349 656 407 704 est?
443 655 485 716 Sy.
502 657 573 718 Ipsus
588 661 635 704 est.
670 655 709 704 ot.
726 655 797 718 Syre,
815 651 873 715 quid
892 652 986 715 agimus
998 655 1008 702 i

272 745 313 804 Sy.
330 743 396 804 Fuge
407 742 482 791 modo
488 742 554 792 intro
565 765 571 794 ι
589 757 635 804 ego
646 742 739 791 videro.

210 831 251 879 Gt.
264 830 291 880 Si
303 831 361 893 quid
378 831 481 893 rogabit,
494 845 615 895 nusquam
627 839 655 880 tu
666 844 717 891 me,
734 827 862 879 audistin'?
898 829 940 892 Sy.
958 831 1008 878 Po-

271 919 316 969 tin’
326 928 355 971 ut
364 920 480 985 desines?

429 1147 541 1197 ACTUS
558 1147 601 1195 IV.
634 1147 744 1197 SCENA
761 1148 795 1198 11.

334 1293 338 1300 .
396 1260 503 1308 Dnssns.
541 1260 683 1309 Cussrrflo.
716 1262 813 1310 sunus,

203 1364 249 1411 Ns
260 1375 305 1423 ego
315 1361 394 1409 homo
406 1375 461 1410 sum
469 1360 575 1409 infelix!
595 1361 702 1423 primum
720 1361 820 1409 fratrem
833 1373 953 1422 nusquam
966 1359 1003 1409 in·

267 1449 338 1498 venio
349 1449 459 1510 gentium
469 1470 475 1498 ι

201 1539 322 1586 Praetereo
332 1544 424 1596 autem,
435 1537 576 1604 dumillum
589 1551 683 1599 quaero,
694 1535 778 1585 ovilla
786 1536 965 1585 mercenarium

199 1625 256 1676 Vidi
268 1647 274 1678 z
286 1626 307 1676 is
318 1626 398 1675 filium
409 1635 482 1687 neget
492 1640 546 1674 esse
557 1625 609 1675 ruri
620 1646 626 1674 ι
644 1639 700 1686 nec,
711 1623 771 1686 quid
780 1637 861 1686 agam,
871 1623 931 1673 scio.

197 1715 236 1763 Gt.
253 1716 321 1778 Syre.
354 1716 396 1775 Sy.
407 1714 473 1768 Quid
483 1717 544 1763 est?
577 1714 615 1764 Gt.
628 1713 815 1775 Men’quaerit?
845 1714 886 1775 Sy.
897 1713 999 1762 Verum.

265 1804 303 1854 ct.
320 1803 387 1852 Perii
398 1806 405 1853 i
441 1805 482 1865 Sy.
499 1802 566 1858 Quin
577 1811 605 1852 tu
615 1802 700 1852 animo
711 1803 777 1851 bono
788 1817 823 1852 es.

196 1895 244 1943 De.
262 1892 328 1949 Quid
344 1892 403 1953 hoc,
422 1893 525 1954 molum,
536 1891 705 1942 infelicitatis?
725 1904 821 1953 nequeo
839 1889 899 1941 satis
914 1890 999 1940 decer-

227 1993 230 1999 ·
261 1996 337 2030 nere:
793 2030 795 2035 .

196 2069 252 2120 rusi
264 2083 304 2119 me
314 2070 387 2119 credo
397 2068 455 2117 huic
465 2082 518 2117 esse
528 2075 613 2116 natum
624 2067 670 2129 rei,
683 2068 793 2119 ferundis
805 2070 919 2120 miseriis.

196 2158 294 2208 Primus
305 2158 386 2208 sentio
396 2159 462 2207 mala
472 2165 573 2206 nostra:
590 2156 684 2221 primus
696 2158 803 2209 rescisco
814 2159 898 2209 omnio
912 2181 917 2209 ι

195 2248 293 2297 Primus
304 2262 378 2311 porro
389 2245 529 2296 obnuucio:
548 2260 611 2307 aegre
623 2247 701 2307 solus,
713 2246 733 2297 si
743 2248 802 2310 quid
811 2250 848 2309 fit,
860 2250 922 2297 fero.

195 2338 237 2397 Sy.
247 2336 325 2385 Rideo
331 2336 411 2384 hunc:
424 2333 530 2397 primum
540 2333 607 2383 aitsc
616 2334 697 2397 scire3
710 2334 731 2383 is
741 2337 809 2385 solus
819 2336 898 2385 nescit
905 2336 998 2385 omnia.

193 2427 241 2473 De.
257 2426 330 2473 Nunc
340 2424 429 2473 redeo:
448 2422 469 2471 si
481 2422 545 2471 forte
556 2423 633 2472 freter
644 2420 754 2483 redierit,
766 2424 827 2473 viso.
870 2424 907 2474 Gt.
926 2427 997 2488 Syre,

194 2514 314 2573 Obsecro,
331 2512 435 2562 videno
453 2512 496 2562 ille
515 2514 563 2562 huc
581 2526 681 2576 prorsus
699 2527 725 2561 se
736 2513 822 2563 irruat.
855 2516 896 2574 Sy.
915 2514 997 2563 Etiam

257 2602 343 2649 taces?

191 2690 244 2751 Ego
255 2690 354 2738 cavebo.
391 2688 430 2738 Oe.
447 2690 580 2751 Nunquam
591 2689 675 2740 hercle
692 2689 766 2739 hodie
785 2705 830 2752 ego
846 2689 908 2739 istuc
924 2705 992 2740 com·

256 2776 355 2825 mittam
365 2774 426 2825 tibi:

191 2866 257 2914 Nam
268 2879 309 2915 me
318 2868 371 2926 jam
391 2864 418 2914 in
429 2866 518 2915 cellam
529 2866 637 2929 aliquam
654 2881 711 2917 curn
727 2865 772 2915 illa
788 2866 948 2918 concludam:
968 2868 994 2917 id

253 2954 405 3005 artissimum
415 2964 461 3005 est.

189 3043 231 3102 Sy.
247 3042 310 3103 Age,
327 3049 411 3092 tamen
421 3056 466 3105 ego
477 3045 543 3094 hunc
554 3048 681 3096 amovebo.
713 3049 761 3095 De.
778 3046 827 3097 Sed
838 3060 922 3098 eccum
937 3061 991 3097 sce-

253 3130 358 3179 leretmn
370 3133 469 3195 syrum.
