2459 3800
243 510 292 561 26⁰
455 515 484 564 P.
500 515 662 566 TERENTII
691 517 839 569 HECYBA.

243 650 290 701 cui
299 659 391 714 quanto
409 653 490 703 iuerat
499 655 672 718 praestabilius,
688 655 766 706 ubivis
778 653 888 717 gentium
901 667 973 716 agere
985 663 1046 704 aeta-

306 748 368 803 tem,

240 830 321 884 Quam
331 831 379 880 buc
389 831 485 882 redisce
502 839 575 896 atque
591 834 644 884 baec
663 833 697 884 ita
708 849 761 886 esse
773 836 891 886 miserum
904 849 944 885 me
954 834 1045 885 rescis-

304 933 368 970 aare.

240 1009 305 1058 Nam
328 1023 374 1059 nus
393 1025 491 1073 omues,
514 1013 602 1076 quibus
624 1023 662 1065 est
682 1015 794 1066 alicunde
819 1015 909 1078 aliquis
934 1017 1045 1077 objectus

303 1099 383 1161 labos,

240 1185 322 1236 Omne
334 1188 400 1250 quod
409 1198 447 1240 ast
457 1189 551 1242 inuersa
560 1200 668 1257 tempus,
680 1196 833 1258 priusquam
845 1195 870 1245 id
882 1194 1044 1257 rescitum’at‚
1138 1256 1142 1262 Ι

304 1277 415 1330 lucru'st.

241 1370 302 1419 Pur.
327 1373 362 1422 Aa
384 1371 419 1421 sic
433 1372 516 1436 citius,
534 1375 576 1439 qui
594 1385 620 1425 aa
637 1376 753 1440 expedias
770 1377 810 1426 his
827 1375 954 1438 arumnis,
974 1392 1045 1440 repe-

306 1474 363 1510 nas.

240 1549 266 1599 Si
278 1565 328 1601 uun
340 1553 455 1616 redisses,
466 1556 506 1605 baa
513 1556 555 1606 irae
565 1558 635 1608 facta
645 1565 728 1608 esseut
739 1560 816 1608 multu
826 1559 974 1623 ampliores:

240 1639 290 1696 Sed
301 1656 367 1692 nuuc
378 1643 509 1694 adventum
529 1654 601 1696 tuum
616 1649 711 1710 ambas,
724 1647 863 1713 Pamphile,
884 1649 934 1698 scio
947 1649 1040 1698 reveri-

301 1738 377 1782 turus.

239 1821 301 1872 liam
312 1837 458 1886 mgnosuss:
475 1826 538 1876 iram
548 1827 679 1893 expedies:
696 1843 794 1880 rursum
813 1829 840 1878 iu
852 1827 955 1892 gratiam
967 1829 1040 1878 resti·

301 1921 364 1965 tues.

240 2003 312 2053 Levia
321 2008 380 2055 su'ut
395 2006 457 2070 bias,
469 2024 523 2072 quaa
533 2016 559 2059 tu
570 2010 697 2074 pergravia
707 2026 760 2061 esse
779 2011 805 2061 in
817 2011 927 2061 animum
939 2009 1039 2059 induxti

245 2126 250 2138 .
303 2100 383 2143 muns.

238 2183 309 2231 Pum-
321 2182 387 2237 Quid
395 2186 522 2236 consulare
532 2190 592 2237 me?
605 2202 638 2238 au
650 2188 776 2254 quisquam
787 2204 890 2254 usquam
899 2188 1042 2253 gentium'st

302 2286 370 2335 aeque
380 2273 473 2325 miser?

238 2357 309 2409 Prius
329 2374 403 2423 quam
421 2364 485 2413 banc
502 2379 606 2416 uxorem
625 2366 697 2429 duxi,
714 2368 835 2419 habebam
852 2358 1038 2417 aiibi‘auimum

302 2453 381 2503 amori
392 2453 520 2505 deditum:

236 2543 294 2592 dam
306 2543 332 2593 iu
343 2544 390 2593 hac
400 2550 463 2593 aaut
471 2552 576 2607 meam,
584 2545 660 2596 cuivis
671 2545 742 2595 facile
753 2544 856 2606 scitu'st,
865 2559 938 2609 quam
949 2544 1039 2595 fuerim

301 2632 392 2684 miser:

235 2724 329 2773 Tamen
342 2737 470 2787 nunquam
481 2738 553 2777 ausus
564 2739 620 2776 sum
632 2738 744 2776 recusare
754 2739 819 2790 eam,
831 2739 905 2789 quam
919 2724 980 2773 mihi
993 2726 1039 2774 ob·

301 2812 379 2865 trudit
388 2821 465 2879 pater.

235 2905 284 2955 Vix
295 2917 335 2955 me
349 2904 419 2957 illiue
436 2904 555 2967 abstraxi,
573 2913 647 2968 atque
667 2900 812 2968 impeditum
830 2904 856 2953 in
877 2918 906 2955 ea
926 2904 1039 2967 expedivi

299 2994 410 3044 animum
418 3008 501 3044 meum
509 3016 518 3058 3

232 3087 328 3153 lequa
343 3088 392 3139 buc
401 3089 571 3153 contuleram:
590 3089 665 3139 bem!
686 3102 750 3140 nova
760 3102 799 3139 res
810 3088 906 3150 orta'st,
918 3100 992 3152 porro
1009 3086 1041 3135 ab

296 3179 342 3229 hac
353 3192 407 3241 qua
418 3192 458 3229 me
467 3178 601 3228 abstrahat.
