2459 3800
254 470 305 518 aas
476 451 681 520 brianum-11
697 471 852 522 nnnnrnr.

256 611 369 660 Uxorem
380 606 501 657 arcessis?
536 611 580 659 ΛΕ.
598 610 690 674 Cupio:
708 627 793 662 verum
807 613 855 662 boc
867 611 928 662 mihi
939 626 1009 662 mora
1025 621 1064 663 est

253 697 379 758 iibicina,
391 705 417 747 et
428 697 582 762 hymeneum
593 698 635 761 qni
645 708 751 752 cantent.
783 703 832 752 De.
848 701 915 762 Eho,

255 786 311 837 Vin’
322 787 415 849 tubnic
426 787 480 836 seni
489 789 648 838 auscultare?
667 813 670 820 v
684 791 728 839 AE.
745 790 832 845 Quid?
855 792 903 840 De.
920 788 999 840 Missa
1008 789 1062 840 hrec

322 877 385 938 fuce,

257 968 431 1030 Hymenaeum,
440 968 537 1027 turbas,
547 967 683 1030 lampadas,
692 967 818 1020 tibicinas:

255 1055 336 1116 Atque
347 1055 410 1103 banc
422 1054 448 1103 in
458 1055 531 1104 horto
543 1055 674 1106 maceriam
682 1058 741 1117 iube
752 1057 816 1108 dirui

258 1144 384 1197 Quantum
396 1151 489 1207 potest:
506 1144 552 1193 bac
563 1129 685 1196 transfer}
702 1159 778 1196 unam
789 1148 827 1195 fae
837 1146 955 1197 domum:

256 1231 368 1282 Traduce
389 1241 415 1283 et
434 1241 549 1295 matrem,
567 1241 593 1284 et
615 1234 736 1284 familiam
757 1250 857 1285 omnem
875 1237 907 1285 ad
927 1250 982 1286 nos.
1018 1236 1055 1285 ΛΕ

325 1324 417 1384 Placet,
765 1329 767 1334 '

257 1414 330 1462 Pater
340 1413 497 1477 lepidissime.
529 1417 577 1464 De.
592 1415 677 1476 Euge!
693 1416 746 1476 jam
756 1413 851 1478 lepidus
863 1421 945 1464 vocor:

195 1555 200 1561 ,
258 1500 338 1552 Fratri
349 1502 480 1552 redesfient
490 1502 579 1565 pervisa
589 1496 600 1551 ε’
612 1504 711 1552 turbam
722 1503 824 1552 domum
935 1489 936 1493 ¹

259 1588 379 1651 Adducet,
391 1598 416 1639 et
425 1597 534 1640 sumtum
545 1591 659 1662 admittet
669 1611 675 1640 r
694 1592 772 1662 muita
782 1611 791 1654 ;
809 1589 867 1654 quid
879 1592 952 1640 mea?

260 1680 313 1741 Ego
324 1679 419 1744 lepidus
430 1678 487 1728 ineo
496 1679 614 1741 gratiam:
630 1681 690 1742 jube
702 1684 767 1730 bunc
774 1683 827 1743 jam

260 1767 406 1818 Dinumeret
415 1767 452 1816 iili
464 1769 558 1831 Babylo
568 1767 655 1830 viginti
666 1768 753 1818 minas.

260 1857 331 1924 Syre,
342 1871 422 1907 cessas
430 1857 466 1907 ire
477 1872 505 1907 ae
516 1858 615 1907 faeere?
652 1860 695 1923 Sy.
711 1857 777 1914 Quid
788 1871 834 1921 ago
845 1859 855 1907 t
890 1859 938 1907 De.
955 1856 1040 1907 Dime.

258 1947 298 1995 Τιι
309 1946 365 1995 illas
376 1947 415 1995 abi
426 1955 452 1996 et
459 1948 568 1997 reduce.
603 1949 647 1997 Ge.
664 1947 696 1997 Di
705 1948 760 2009 tibi,
769 1951 873 2008 Demea,

259 2036 431 2096 Benefaciant,
442 2051 517 2097 quum
529 2044 554 2085 te
564 2036 635 2085 video
648 2044 738 2086 nesure
749 2036 849 2086 familiae

258 2124 322 2172 Tam
333 2122 458 2172 exanimo
469 2126 561 2173 iactum
570 2126 643 2175 velle.
675 2128 723 2175 De.
740 2126 833 2187 Dignos
843 2123 959 2174 arbitror.

260 2210 430 2267 Quidtuais?
466 2214 512 2261 ΛΕ.
530 2214 570 2263 Sic
581 2214 678 2276 opinor.
713 2216 758 2263 De.
776 2215 857 2263 Multo
868 2213 988 2273 rectiu’st,

261 2302 342 2355 Quam
353 2298 422 2347 illam
432 2314 578 2364 puerperam
587 2314 653 2350 nnnc
665 2301 721 2350 duci
733 2301 781 2350 huc
792 2316 835 2364 per
846 2301 909 2350 viam

259 2389 396 2451 AEgrotam.
428 2392 473 2439 ΑΞ.
489 2390 560 2439 Nihil
570 2391 638 2440 enim
648 2390 698 2439 vidi
708 2389 806 2451 melius,
817 2390 852 2439 mi
863 2398 940 2454 pater.

261 2480 310 2529 ne.
327 2479 368 2529 sse
379 2480 457 2529 soleo.
474 2479 524 2529 ser
533 2495 629 2543 eccum,
638 2480 715 2529 urcio
726 2458 849 2542 e‘greurtur
859 2480 933 2529 roras.
958 2467 961 2473 '

465 2684 625 2764 acuns’v.
659 2716 768 2765 senna
785 2684 855 2766 vin.

455 2828 550 2876 Micio.
582 2829 688 2877 Dnruns.
720 2828 888 2901 AEscuruus'·
958 2823 960 2829 ’

260 2930 351 2978 rinnau
361 2928 456 2977 frater?
476 2929 518 2978 ubi
530 2929 551 2979 is
562 2932 619 2980 est?
638 2932 704 2980 Tun’
714 2932 786 2993 jubes
795 2931 854 2992 hoc,
867 2932 980 2981 Demea?

262 3019 311 3067 De.
329 3019 381 3079 Ego
391 3033 449 3067 vero
458 3022 544 3081 juben,
555 3020 616 3069 etin
627 3021 673 3070 bae
684 3035 721 3082 re,
733 3028 759 3070 et
769 3020 823 3070 aliis
835 3002 950 3071 omnibus

265 3107 345 3160 Quem
356 3121 473 3159 maxume
483 3124 558 3159 unam
571 3111 651 3161 faeere
660 3124 705 3160 noa
718 3112 781 3159 hane
792 3108 922 3171 familiam,
