2459 3800
231 480 276 527 148
311 481 339 528 Ρ.
355 479 516 528 TERENTll
539 473 973 530 HEAUTONTlMORUMENOS.

231 622 274 670 ct.
292 618 766 680 Nonvolttescireseredisseetiam3
784 624 890 666 ettunm
919 668 923 676 ,

231 712 396 774 Conspectum
407 710 497 771 fugitat
506 717 606 773 propter
616 717 758 772 peccatum:
776 708 825 756 boc
833 707 914 766 timet,

232 802 271 847 Ne
280 807 323 849 tua
333 799 424 849 duritm
434 799 479 848 illa
489 798 590 860 antiqua
598 798 672 846 etiam
685 797 788 846 adaucta
799 796 839 845 sit.

230 891 297 938 Mea.
314 891 373 938 Non
392 896 418 937 tu
440 889 463 937 ei
483 889 578 948 dixisti,
599 896 628 937 ut
647 890 748 936 essem?
793 887 837 936 Ob.
855 887 920 934 Non.
965 885 1035 933 Mera

298 979 475 1037 Quamobrem,
489 978 594 1026 Chreme
604 979 614 1025 ἓ

233 1069 277 1116 ct.
294 1067 358 1122 Quia
367 1082 480 1132 pessume
489 1067 553 1116 istuc
563 1067 588 1114 in
600 1066 636 1126 fe,
648 1073 720 1127 atpne
731 1067 757 1114 in
769 1065 841 1114 illum
851 1065 970 1126 consulis,

232 1157 259 1205 Si
271 1164 295 1205 te
306 1164 356 1206 tam
367 1157 454 1205 leniet
464 1157 528 1205 victo
536 1156 621 1204 animo
631 1169 684 1204 esse
695 1155 840 1204 ostenderis.
936 1163 938 1168 ’

232 1247 299 1295 Met.
317 1248 375 1295 Non
394 1260 511 1309 possum:
528 1245 662 1307 amisium,
675 1245 733 1294 satis
744 1254 813 1308 pater
825 1245 900 1294 durus
911 1243 955 1294 fui.
990 1245 1035 1292 Oh.

297 1337 358 1387 Ab!
386 1352 390 1356 ·
599 1343 601 1348 “

236 1427 373 1476 Vehemens
384 1427 410 1475 in
422 1434 668 1490 utramquepartem,
682 1425 837 1486 Menedeme‚
846 1437 872 1474 es
885 1422 970 1490 nimis,

234 1519 286 1565 Ant
296 1517 409 1578 largitate
420 1518 508 1578 nimia,
519 1524 562 1567 aut
571 1517 729 1581 parsimonia.

238 1607 265 1653 ln
276 1606 379 1655 eandem
390 1606 502 1656 fraudem
513 1621 544 1655 eu
556 1609 602 1656 hae
613 1622 650 1667 re,
663 1615 735 1669 atque
746 1619 778 1655 ex
789 1605 833 1654 illa
843 1603 943 1654 incides.

236 1692 357 1754 Primum,
367 1694 428 1742 olim
440 1695 531 1757 potius,
543 1710 616 1757 qnam
628 1703 738 1758 paterere
750 1693 829 1743 lilium

237 1786 382 1834 commeare
393 1786 424 1835 ad
435 1787 616 1847 mulierculam,
630 1801 683 1850 quae
695 1787 794 1849 paululo

235 1875 300 1923 Turn
311 1882 365 1924 erat
371 1883 495 1936 contenta,
506 1876 593 1940 cuique
604 1884 676 1927 erant
687 1882 756 1938 grata
765 1875 859 1937 omnia,
899 1885 902 1894 '

238 1967 395 2038 Proterruisti
410 1986 415 2015 :
434 1967 492 2017 hinc
503 1983 532 2017 ea
542 1978 627 2017 coacta
637 1968 747 2029 ingratiis

237 2054 341 2104 Postilla
351 2054 426 2117 eoepit
435 2056 525 2105 victum
537 2058 609 2117 volgo
620 2070 737 2118 quarere.

238 2146 312 2194 Nunc
322 2159 378 2194 oum
390 2145 444 2195 sine
455 2161 545 2208 magno
556 2146 737 2195 intertrimento
750 2160 799 2194 non
811 2149 890 2209 potest

139 2252 143 2263 ·
237 2234 340 2294 Haberi‚
353 2234 447 2298 quidvis
458 2237 516 2286 dare
525 2237 611 2300 cupis:
629 2251 697 2296 nam,
707 2244 734 2285 nt
744 2243 771 2285 tn
781 2236 852 2297 scias,
940 2252 945 2263 ·

237 2324 319 2377 Quam
329 2338 359 2373 ea
370 2339 435 2374 nnnc
446 2325 566 2376 instructa
576 2326 677 2388 pulchre
688 2325 717 2373 ad
728 2324 861 2389 perniciem
874 2324 935 2375 siet:

237 2403 418 2475 Primum,ja1n
429 2416 531 2465 ancillas
543 2430 627 2465 secum
636 2416 739 2465 addunm
750 2416 805 2478 plus
815 2396 909 2475 decem,

239 2504 360 2553 Oneratas
370 2513 436 2553 veste
446 2514 518 2567 atque
527 2520 587 2554 auro
599 2527 604 2555 ι
624 2514 732 2567 satrapes
745 2504 766 2553 si
777 2504 824 2553 siet

186 2637 190 2646 ,
239 2593 352 2651 Amator,
364 2607 490 2655 nunqnam
501 2594 603 2643 sufferre
613 2596 666 2654 ejus
676 2601 770 2642 sumtus
787 2601 869 2655 queat,

241 2680 339 2730 Nedum
351 2690 379 2730 tn
390 2682 477 2744 possis.
510 2685 561 2731 Me.
579 2685 655 2731 Estne
664 2697 693 2731 ea
701 2683 786 2731 intus?
825 2682 867 2731 ct.
885 2681 923 2731 Sit
934 2685 1023 2744 rogas?

240 2769 328 2818 Sensi:
346 2784 452 2832 namque
463 2770 485 2819 ei
496 2784 571 2818 unam
582 2785 677 2819 ooenam
690 2780 762 2832 atque
773 2772 827 2831 eJus
836 2754 968 2820 comitibus

242 2857 320 2908 Dedi:
339 2859 437 2920 quodsi
448 2859 537 2929 iterum
549 2860 610 2907 mihi
622 2860 654 2909 sit
661 2860 752 2919 danda,
765 2868 845 2909 actum
857 2860 912 2909 siet.

242 2949 319 3007 Nam,
330 2948 416 2995 utalia
427 2948 550 3008 omittam,
561 2948 702 3011 pytissando
714 2947 789 2997 modo
802 2948 863 2997 mihi

241 3036 317 3098 Quid,
328 3036 388 3098 qnid
397 3036 449 3086 vini
460 3036 593 3086 absumsit!
611 3037 647 3085 sie
658 3037 714 3097 hoc,
726 3038 809 3087 dicens
819 3056 828 3101 ;
845 3039 978 3100 Asperum,

242 3128 324 3189 Pater,
335 3126 384 3176 hoc
392 3133 449 3190 est3
467 3125 534 3175 alind
545 3125 627 3176 lenius
636 3125 706 3175 sodes
715 3125 777 3175 vide.
