2459 3800
389 551 392 554 -
412 515 523 571 Ac’rus
541 518 573 569 11.
611 515 726 568 SCENA
743 516 763 567 1.
936 518 983 571 311

184 659 241 710 Non
253 675 351 712 causam
363 662 429 725 dico,
441 645 500 726 quin
514 663 579 727 quod
590 663 693 714 meritus
704 663 747 727 sit,
752 651 837 724 terat:

183 750 234 800 Sed
244 751 266 800 si
277 751 331 814 quis
342 752 407 802 forte
418 753 512 802 malitia
521 739 597 801 iretus
609 765 655 800 suo

186 837 290 889 insidias
301 849 391 890 nostrae
403 841 462 890 iecit
472 841 653 900 adolescentiae,

185 929 222 977 Ac
233 929 307 980 vicit:
326 939 443 980 nostrane
454 945 483 980 ea
494 933 565 994 culpa
576 932 633 980 est?
652 944 684 978 an
693 929 816 993 judicum,

184 1019 235 1074 Qui
245 1034 308 1084 sepe
319 1029 419 1084 propter
427 1021 543 1070 invidiam
555 1021 668 1071 adimunt
675 1012 755 1084 diviti,

186 1109 237 1157 Aut
247 1118 346 1172 propter
358 1111 551 1160 misericordiam
563 1111 657 1161 addunt
667 1111 787 1174 pauperi?

189 1198 230 1246 Ge.
248 1199 281 1247 Ni
293 1214 391 1248 nossem
402 1189 511 1262 causam,
523 1201 650 1250 crederem
660 1189 718 1250 vera
728 1201 796 1249 hunc
807 1200 885 1264 loqui.

187 1289 236 1336 De.
257 1289 298 1338 An
310 1289 522 1352 quisquamjudex
533 1299 580 1351 est,
592 1289 633 1351 qui
646 1289 723 1352 possit
732 1299 834 1338 noscere

186 1377 241 1426 ‘lna
249 1379 326 1440 justa,
338 1379 379 1428 ubi
388 1386 440 1428 tute
447 1367 549 1428 verbum
561 1393 611 1427 non
622 1378 780 1441 respondeas,

188 1467 227 1514 lta
236 1467 315 1516 utille
324 1468 401 1516 fecit?
437 1471 483 1517 Pl.
501 1469 609 1518 Functus
621 1465 797 1517 adolescentuli
806 1460 844 1515 est

190 1556 304 1607 Officium
313 1557 421 1608 liberalis
434 1578 440 1608 :
458 1566 587 1621 postquam
600 1557 732 1625 adjudices

189 1648 339 1722 ventumst,
351 1663 402 1698 non
411 1649 491 1712 potuit
501 1647 605 1710 cogitata
617 1647 747 1711 proloqui:

190 1739 229 1786 lta
238 1739 295 1786 cum
304 1745 356 1786 tum
368 1737 482 1786 timidum
493 1738 656 1801 obstupefecit
663 1735 752 1800 pudor.

193 1828 235 1875 Ge.
245 1826 329 1876 Laudo
337 1829 404 1877 huno
415 1848 421 1877 :
436 1829 479 1877 scd
488 1843 557 1878 cesso
569 1829 637 1878 odire
649 1843 722 1890 quam
733 1827 841 1891 primum
852 1815 956 1878 senem?

191 1919 268 1979 Here,
276 1920 357 1981 salve3
374 1921 468 1968 salvom
479 1929 503 1969 te
515 1919 641 1969 advenisse
652 1919 754 1981 gaudeo.
782 1922 834 1969 De.
853 1921 910 1968 lio!

191 2008 261 2056 Bone
271 2015 364 2069 custos,
374 2010 450 2070 salve,
459 2010 574 2058 columen
584 2023 645 2058 vero
656 2009 767 2070 familiae,

194 2095 239 2144 Cui
251 2098 420 2147 commendavi
432 2099 511 2146 tilium
522 2098 580 2147 hinc
591 2098 676 2149 abiens
687 2112 780 2147 meum.

196 2187 239 2235 Ge.
255 2188 313 2236 lam
324 2186 417 2236 dudum
428 2194 453 2237 te
463 2188 544 2237 onmis
557 2202 602 2237 nos
614 2202 728 2238 accusare
738 2187 812 2237 audio

194 2274 370 2336 immerito‚'ct
380 2289 419 2324 me
431 2275 541 2325 omnium
552 2277 643 2326 horum
654 2277 856 2327 immeritissimo.

195 2365 260 2412 Nam
271 2362 329 2427 quid
340 2362 416 2413 mein
428 2360 474 2413 hac
485 2380 512 2414 re
524 2366 715 2415 iacere-voluisti
725 2365 770 2415 tibi
781 2369 791 2414 ἓ

196 2452 297 2501 Servom
309 2451 435 2501 hominem
445 2467 544 2502 causam
555 2468 627 2503 orare
637 2455 703 2515 leges
713 2453 872 2517 nonsinunt:

184 2542 285 2602 -Neque
294 2540 430 2590 testimonii
440 2541 514 2591 dictio
521 2550 567 2591 cst.
598 2546 648 2591 De.
664 2542 740 2591 Mitto
750 2541 850 2591 omnia:

197 2632 271 2680 Addo
281 2632 361 2681 istuc:
381 2632 524 2695 imprudens
538 2634 622 2683 timuit
631 2633 787 2683 adolescens:
805 2632 868 2681 sino.

191 2722 332 2770 ‘rusmvus
343 2739 349 2771 s
366 2719 452 2771 verur'n
463 2722 484 2772 si
491 2732 598 2785 cognata
606 2731 644 2772 est
652 2736 778 2783 maxume,

200 2811 224 2857 N
225 2824 257 2860 on
269 2810 422 2861 luitneccsse
432 2812 536 2861 habere:
554 2811 608 2872 sed,
622 2812 647 2860 id
655 2814 721 2874 quod
732 2813 773 2861 lex
781 2812 863 2873 jubet,

200 2901 291 2949 Dotem
305 2898 409 2951 daretis:
428 2910 547 2966 quereret
558 2902 636 2951 alium
646 2902 737 2952 virum.

200 2991 257 3043 Qua
267 2989 363 3039 ratione
373 2989 472 3054 inopem
483 2991 565 3054 potius
577 2990 680 3040 ducebat
688 2991 789 3040 domum
799 2994 809 3039 ἓ

202 3078 246 3125 Ge.
263 3079 320 3127 Non
332 3078 406 3139 ratio,
416 3092 502 3129 rerum
514 3085 643 3141 argentum
655 3079 747 3129 deerat.
780 3079 830 3128 De.
846 3080 961 3129 Sumeret

190 3166 333 3218 ·Alicunde.
368 3172 410 3219 Ge.
427 3169 566 3219 alicunde!
586 3169 650 3220 nihil
660 3177 699 3221 est
714 3170 781 3219 dictu
791 3169 895 3219 facilius.
979 3205 982 3211 ,
