2459 3800
251 487 299 537 300
458 489 486 537 P.
502 488 663 538 'I'ERENTII
681 486 848 539 PHORMIO.

384 827 386 831 ¹
491 768 602 818 serus
621 769 640 816 1.
674 768 784 827 sersus
801 767 834 815 11.

553 881 634 930 Gsrrs.
670 884 768 931 Drvus·

254 1001 282 1050 Ss
301 997 354 1063 quis
375 1013 414 1050 me
433 1007 526 1063 qureret
542 1001 620 1050 rufus.
661 1002 713 1050 Du.
732 1000 868 1061 Praesides,
888 998 981 1048 desine.
1017 1001 1063 1047 Ge.

201 1074 203 1078 ’
321 1088 376 1139 on!

254 1180 287 1228 At
297 1193 342 1240 ego
352 1178 449 1228 obviam
461 1179 568 1228 conabar
579 1178 634 1239 tibi,
647 1181 722 1228 Dave.
757 1181 806 1227 Do.
823 1179 924 1242 Accipe,
935 1180 1005 1239 hem,

252 1271 401 1332 Leotum'st3
419 1269 550 1319 conveniet
561 1283 688 1329 numerus,
700 1275 822 1330 quantum
834 1268 915 1317 debui.

257 1361 299 1408 Ge.
316 1359 381 1407 Amo
393 1364 427 1418 te,
439 1366 463 1406 et
475 1371 524 1406 non
538 1357 676 1418 neglexisse
687 1357 766 1405 habeo
777 1355 889 1418 gratiam.

252 1429 304 1496 Da.
321 1446 460 1496 Praesertim
472 1454 500 1495 ur
511 1460 577 1494 nnnc
589 1454 648 1495 sunt
659 1460 741 1495 mores
751 1466 757 1494 ι
776 1445 838 1495 adeo
849 1458 889 1494 res
900 1443 963 1493 redit
974 1465 983 1506 ;

253 1535 280 1584 Si
293 1535 347 1597 quis
358 1534 417 1597 quid
425 1534 515 1593 reddit,
525 1547 614 1595 magun
625 1533 770 1583 habenda’st
780 1534 867 1595 petia.

255 1625 303 1674 Sed
313 1624 371 1688 quid
383 1631 410 1672 tu
422 1639 448 1673 es
467 1623 564 1672 tristis?
603 1626 646 1673 Ge.
662 1626 766 1686 Egone?
784 1623 874 1685 neseis
887 1622 971 1686 quoin
983 1632 1063 1684 metu,

322 1722 347 1763 et
529 1760 531 1768 ,

255 1805 355 1858 Quanto
377 1803 403 1851 in
421 1802 530 1866 periculo
551 1802 639 1852 simus.
672 1805 724 1851 Da·
741 1801 808 1857 onio
831 1802 894 1852 isene
914 1805 971 1852 est?
1021 1803 1066 1851 Ge.

321 1892 403 1943 Scies:

256 1982 333 2032 Modo
344 1990 373 2031 ut
382 1992 463 2032 tacere
473 1984 561 2047 possis.
593 1985 645 2032 Da.
662 1983 710 2032 Abi
721 1983 766 2044 sis,
778 1982 899 2033 insciens:

257 2074 334 2133 Cujus
346 2080 373 2121 tu
384 2073 457 2122 fidem
469 2073 494 2121 in
507 2072 609 2136 pecunia
618 2072 782 2135 perspexeris,

256 2162 347 2210 Verere
358 2162 431 2210 verbu
442 2160 465 2211 ei
476 2161 595 2210 credere?
616 2161 658 2210 ubi
668 2161 726 2223 quid
739 2161 801 2210 mihi
812 2160 875 2210 lucri
887 2168 926 2210 est

256 2248 409 2300 Tefsllere?
448 2253 491 2301 Ge.
509 2253 574 2313 Ergo
590 2253 709 2302 ausculta.
742 2254 794 2301 Do.
813 2254 884 2301 Hanc
903 2264 1002 2314 operam
1020 2249 1068 2300 ubi

322 2338 386 2389 dico.

259 2431 303 2478 Ge.
319 2428 390 2478 Senis
402 2427 491 2489 nostri,
502 2430 578 2489 Dave,
589 2430 692 2479 fratrem
701 2431 822 2491 majorem
835 2429 959 2479 Chremen

259 2516 377 2566 Nostin'?
413 2520 465 2566 Do.
483 2517 594 2573 Quidni?
638 2521 681 2567 Ge.
700 2518 784 2573 Quid?
803 2520 856 2579 ejrss
874 2527 975 2580 gnatum
993 2520 1069 2568 Phoe·

324 2605 423 2655 driam?

258 2699 309 2745 Du.
325 2699 454 2759 Tanquam
466 2704 498 2746 te.
534 2701 576 2747 Ge.
593 2699 682 2748 Evenit
693 2698 792 2748 senibus
803 2700 923 2748 ambobus
934 2698 1020 2760 simul,

259 2788 309 2835 lter
320 2785 358 2833 illi
369 2785 395 2833 in
409 2788 531 2849 Lemnum
546 2794 573 2835 ut
582 2794 657 2847 esset,
669 2796 754 2836 nostro
767 2788 793 2835 in
806 2787 920 2837 Ciliciam

257 2875 298 2925 Ad
309 2876 431 2939 hospitem
443 2876 584 2939 antiquom:
604 2878 626 2926 is
637 2891 722 2925 senem
733 2891 777 2940 per
788 2876 905 2940 epistolas

258 2964 374 3025 Pellexit,
385 2965 460 3013 modo
469 2980 519 3014 non
531 2966 623 3015 montis
634 2966 692 3030 auri
698 2967 828 3029 pollicens.

257 3055 310 3103 Du.
327 3054 375 3104 Cui
385 3062 454 3103 tenes
465 3063 518 3104 erat
530 3070 576 3113 res,
587 3063 614 3105 et
625 3064 752 3119 supererat
765 3058 775 3104 ?
813 3058 855 3105 Ge.
872 3054 993 3123 Desinesz

259 3140 300 3192 Sic
312 3149 351 3192 est
360 3142 494 3205 ingenium.
527 3148 579 3195 Da.
597 3146 657 3195 Oh!
676 3130 763 3209 regem
771 3161 810 3196 me
821 3144 1001 3210 esseopormit.
