2459 3800
218 439 251 512 ia
445 465 473 512 r.
490 461 651 512 maruan
668 461 806 510 aunam.

222 579 293 627 Meus
312 577 430 628 carnifex.
467 578 510 626 Ch.
528 576 593 633 Quid
612 576 675 625 istuc
692 581 743 624 tam
759 569 894 635 mirumst,
912 574 943 622 de
956 581 984 622 te
1001 572 1023 621 si

284 668 424 730 exemplum
437 666 522 730 capit?

217 758 288 808 Pura.
307 757 374 804 Haut
390 755 453 804 istuc
465 754 542 815 dicat,
560 755 581 803 si
598 755 712 815 cognoris
732 755 772 803 vel
791 768 841 815 me,
858 753 897 802 vel
912 748 1023 802 amorem

286 858 378 892 meum.

224 934 267 982 Cir.
283 933 340 982 Seio
350 953 355 981 ι
367 935 427 982 rum'
442 942 512 996 patre
523 931 649 982 altercasti
661 932 772 981 dudum:
789 939 815 981 et
831 931 853 981 ia
870 945 936 979 nunc
948 940 1023 993 prop·

285 1023 406 1071 tereatibi

220 1115 364 1163 succenset:
383 1127 427 1162 nec
436 1120 461 1162 te
469 1111 546 1175 quivit
557 1112 632 1162 hodie
641 1126 739 1174 cogere,
750 1112 820 1162 iilam
829 1119 857 1161 ut
867 1111 980 1161 ducerer.

220 1204 292 1250 Pam.
311 1203 365 1250 imo
375 1203 461 1263 etiam,
473 1215 522 1264 quo
530 1209 558 1250 tu
569 1195 652 1251 miuus
664 1203 711 1252 seis
722 1216 845 1252 aerumnae
857 1215 937 1251 meaa:

219 1292 264 1340 Hae
274 1291 364 1354 nuptiae
376 1307 427 1340 non
437 1294 615 1356 apparabantur
627 1292 700 1353 mihi,

221 1380 273 1427 Nee
284 1375 424 1441 postud'abat
435 1395 500 1428 nune
512 1379 640 1442 quisquam
653 1393 756 1428 uxorem
766 1379 833 1428 dare.

220 1467 263 1516 ct.
281 1466 352 1517 Sciat
370 1475 398 1518 tu
409 1477 507 1518 coactus
518 1475 561 1518 tua
572 1471 699 1518 voluntate
709 1483 744 1518 es.
779 1471 851 1517 Pam.
867 1469 959 1517 Manet

220 1555 339 1606 Nondum
351 1557 406 1606 seia·
442 1559 485 1608 Gir.
504 1559 562 1609 Scio
573 1558 687 1620 equidem
698 1558 767 1606 illam
779 1553 910 1606 ducturum
927 1571 980 1607 ease
989 1565 1023 1606 te.

217 1647 290 1694 Pam.
309 1645 359 1694 Cur
370 1661 410 1696 me
421 1647 502 1697 enicas
514 1651 523 1696 ἓ
544 1648 591 1696 hoc
602 1647 674 1698 audi:
694 1660 818 1710 nunquam
826 1647 919 1697 deatitit

221 1731 326 1794 Iristareg
338 1732 367 1782 ut'
377 1734 484 1784 dicerem
496 1750 536 1784 me
548 1733 601 1784 ease
611 1736 742 1785 ducturum
754 1737 832 1800 patri3

220 1822 340 1884 Suadere,
351 1838 433 1885 orare,
445 1839 523 1887 usque
534 1825 596 1874 adeo
608 1825 686 1876 donec
697 1827 812 1891 perpulit.

225 1912 279 1962 Oh(
297 1914 360 1968 Quia
381 1914 458 1962 hamo
478 1915 561 1963 istuc?
613 1918 687 1965 Pam.
715 1919 804 1966 Darae.
851 1918 894 1967 Cla.
922 1918 1022 1966 Daras?

286 2005 357 2051 Pam.
374 2004 532 2052 Interturbat.
553 2004 596 2053 Gt.
615 2007 803 2059 Quamobrem?
835 2008 905 2056 Pam.
923 2006 1023 2055 Nescio.

220 2088 279 2141 Nisi
288 2092 349 2140 mihi
360 2093 419 2141 deos
431 2093 489 2141 satis
503 2093 556 2142 scio
564 2094 732 2156 fuisreirataa,
741 2095 783 2157 qui
791 2094 815 2144 ei
825 2095 1026 2145 auscultaverim.

224 2182 268 2233 ct.
284 2183 384 2231 Factum
395 2182 442 2231 hoc
454 2189 502 2243 est,
514 2184 601 2232 Dave?
637 2187 703 2234 Dav.
721 2186 833 2233 Factum.
868 2186 912 2233 Cir.
939 2186 1021 2233 Hem!

286 2269 402 2333 quiduis,
413 2271 512 2319 scelus?
879 2285 881 2288 ·

219 2364 254 2410 At
265 2360 309 2409 tibi
320 2360 352 2409 Di
360 2360 460 2421 dignum
472 2361 542 2410 factis
553 2360 657 2410 exitium
668 2362 747 2413 duint.
811 2351 813 2356 ¹

219 2450 285 2511 Eho,
297 2449 336 2499 dic
348 2449 420 2511 mihi,
429 2450 449 2499 ai
461 2464 547 2498 omues
558 2450 626 2499 hunc
637 2454 776 2513 conjectum
787 2452 812 2501 in
826 2453 926 2516 nuptias

221 2539 319 2590 Inimici
330 2540 438 2590 vellent:
457 2541 532 2603 quod,
545 2540 592 2589 nisi
603 2541 662 2602 hoc,
672 2542 802 2592 consilium
811 2543 918 2591 darent?

218 2630 285 2678 Dav.
303 2631 423 2692 Deceptus
436 2644 501 2689 sum,
513 2628 601 2680 at'uou
613 2632 767 2693 defetigatus.
783 2623 787 2627 “
803 2634 847 2681 ct.
863 2632 930 2681 Scio.

218 2713 285 2760 Dav.
304 2713 355 2761 Hac
367 2727 416 2761 nou
428 2714 554 2773 successit,
567 2714 616 2762 alia
628 2714 797 2775 aggrediemur
807 2716 854 2765 via.

219 2800 275 2849 Nisi
286 2800 311 2849 id
322 2808 403 2863 putas,
417 2800 474 2863 quia
484 2802 564 2865 primo
573 2804 691 2865 processit
698 2818 795 2867 parum,

219 2892 276 2938 Nou
289 2903 359 2952 posse
368 2892 420 2951 jam
428 2890 459 2939 ad
470 2891 574 2941 salutem
585 2893 695 2941 converti
705 2892 752 2940 hoc
763 2893 865 2943 malum.

219 2980 290 3027 Pam.
308 2980 362 3027 lmo
370 2978 452 3028 etiam.
465 2981 529 3030 Nam
541 2979 601 3029 satis
609 2980 693 3040 credo,
706 2980 727 3029 si
739 2980 920 3041 advigilaveris,

218 3066 257 3115 Ex
270 3066 325 3117 uuis
337 3067 446 3130 geminas¹
456 3068 516 3119 mihi
527 3068 642 3117 conficies
654 3068 761 3134 nuptiae.
