2459 3800
223 445 255 490 44
446 447 473 494 Ρ.
489 443 651 494 TERENTH
668 442 806 492 ANDRIA.

222 583 290 631 Dou.
307 580 371 637 Quia
381 580 402 631 si
412 582 476 631 sorte
488 597 549 645 opus
559 583 592 632 sit
602 582 634 631 ad
643 583 732 632 herum
739 582 872 644 iurandum
884 579 946 629 mihi

225 673 282 720 Non
294 670 445 734 apposuisse,
455 679 484 721 ut
493 671 587 734 liquido
599 672 699 734 possim.
732 673 785 733 My.
802 669 933 731 lntelligo:

226 762 296 810 Nova
306 773 372 814 nuno
383 759 468 822 religio
479 761 505 809 in
517 769 541 810 te
553 760 620 810 istaee
631 761 740 822 incessit,
750 761 830 810 cedo?

224 851 292 898 Dav.
308 851 382 899 Move
393 849 461 900 oclus
473 857 508 910 te,
519 857 556 910 ut,
569 849 628 911 quid
638 864 718 911 agam,
729 865 804 913 porro
815 847 946 908 intelligas.

226 939 275 987 Pro
286 938 399 1001 Jupiter!
432 941 486 1000 My.
503 937 569 994 Quid
579 941 637 988 est?
672 942 739 988 Dav.
756 941 857 1002 Sponsa
872 944 942 1001 pater
952 934 1030 990 inter-

290 1025 365 1076 venit.

227 1114 338 1178 Repudio
349 1115 415 1178 qnod
425 1115 554 1165 consilium
567 1117 674 1179 primum
693 1117 856 1166 intenderam.

228 1205 282 1266 My.
299 1205 389 1254 Nescio
400 1204 458 1266 quid
470 1219 561 1254 narres.
594 1209 661 1255 Duo.
677 1207 730 1268 Ego
747 1221 843 1269 quoqne
859 1205 917 1256 hine
928 1207 1029 1256 abdux-

293 1301 346 1342 tera

229 1381 320 1432 Venire
331 1397 371 1432 me
383 1383 546 1433 assimulabo:
563 1392 602 1446 tu,
611 1392 641 1434 ut
651 1385 788 1434 subservias

231 1471 355 1533 Orationi,
365 1481 488 1536 uteunque
498 1488 559 1537 opus
570 1473 612 1535 sit,
623 1473 713 1536 verbis,
724 1474 787 1523 vide.

232 1562 286 1622 My.
301 1563 363 1622 Ego,
376 1562 434 1624 quid
445 1576 512 1624 agas,
523 1563 586 1612 nihil
596 1562 724 1623 intelligo:
737 1562 791 1623 sed,
803 1561 891 1624 siquid
901 1570 949 1624 est,

230 1650 302 1704 Quod
313 1666 368 1701 mea
378 1667 453 1716 opera
462 1667 523 1715 opus
535 1653 568 1702 sit
577 1653 657 1713 vobis,
668 1661 712 1702 aut
721 1660 749 1701 tu
758 1654 814 1715 plus
824 1653 901 1713 vides,
966 1634 970 1642 ⁵

231 1739 349 1802 Manebo,
362 1756 394 1790 ne
404 1742 468 1804 quod
478 1749 587 1792 vostrum
599 1756 710 1791 remorer
720 1741 886 1791 commodum.

442 1980 553 2032 ACTUS
571 1982 613 2030 IV.
653 1981 761 2030 scsNA
781 1980 823 2028 1v.

437 2094 576 2143 caesnas.
609 2096 705 2143 Mrsrs.
737 2096 835 2144 stus.
908 2146 913 2154 ,

212 2224 218 2234 -
233 2196 385 2256 anssros,
402 2203 542 2259 postquam,
552 2212 605 2259 quae
616 2212 678 2260 opus
685 2198 755 2246 fuere
766 2197 797 2246 ad
807 2195 904 2259 nuptias
950 2187 954 2195 ’

233 2284 330 2344 Gnate,
342 2284 434 2347 paravi,
445 2293 472 2335 ut
480 2287 579 2347 jubeam
591 2285 696 2335 arcessi:
710 2286 753 2334 sed
763 2284 823 2347 qnid
833 2285 881 2339 boe
893 2286 903 2332 ἓ

235 2374 300 2421 Puer
320 2374 444 2424 hercle'st.
462 2374 566 2436 Mulier,
584 2376 639 2424 tun’
648 2373 782 2439 apposuisti
791 2374 877 2423 hune?
913 2375 966 2436 Mu.
984 2374 1035 2423 Ubi

291 2463 416 2525 illiceat?

236 2555 279 2603 Cb.
298 2556 355 2604 Non
375 2555 436 2605 mihi
447 2555 598 2620 respondes?
634 2557 687 2617 Mu.
705 2558 833 2618 Nusquam
852 2561 908 2603 est:
940 2552 1046 2625 mli(

296 2659 356 2695 serae
365 2646 443 2695 mihi!

236 2734 344 2797 Reliquit
363 2750 402 2784 me
419 2736 506 2797 homo,
529 2744 601 2799 atque
623 2734 691 2785 abiit.
735 2738 802 2785 Dae.
826 2734 858 2784 Di
878 2741 983 2785 suanam
1004 2736 1035 2784 fi-

301 2824 374 2873 dem!

236 2912 301 2967 Quid
318 2913 396 2961 turbae
414 2919 452 2962 est
474 2912 538 2977 apud
555 2913 658 2962 iorum?
689 2911 748 2975 quid
767 2912 820 2964 illie
835 2912 966 2964 bominum
983 2913 1034 2964 liti·
1057 2929 1060 2934 ·

300 3004 377 3062 gant?
890 3000 893 3005 ’
1056 2982 1060 2987 ’

235 3090 301 3139 Τιιιιι
312 3092 410 3139 annona
419 3092 522 3141 cara'st:
540 3091 598 3154 quid
609 3092 688 3142 dicam
698 3091 776 3155 aliud,
786 3093 877 3150 neseio.
