2459 3800
424 507 536 558 Acriis
555 509 574 555 l.
608 508 716 589 §CENA
735 510 755 557 1.
945 510 991 558 133

190 646 243 692 Nec
255 643 291 691 fas
303 657 367 703 esse,
381 644 432 692 ulla
442 658 482 693 me
492 644 617 707 voluptate
627 644 668 693 hio
680 645 739 705 frui,
763 688 767 694 .

186 730 242 780 Nisi
253 730 295 780 ubi
306 730 349 780 iile
359 732 408 780 hue
417 733 497 780 salros
508 732 609 782 redierit
620 746 689 783 meus
700 734 828 798 particeps.

190 821 234 869 Oi.
251 820 354 881 ingenio
370 828 395 869 te
405 835 459 869 esse
471 821 497 870 in
509 822 601 871 liberos
611 823 664 871 leui
675 830 746 885 puto,

187 910 220 958 Et
231 908 302 958 illum
313 912 498 972 obsequentem,
510 911 530 960 si
543 911 597 974 quis
608 920 673 961 reete
685 920 728 961 aut
738 913 868 962 commode

187 1001 333 1049 Tractnret:
350 1015 436 1050 verum
448 1016 494 1050 uec
504 1008 531 1050 tu
543 1001 615 1049 illum
629 1002 688 1051 satis
699 1016 812 1064 noveras,

188 1090 241 1139 Neo
251 1095 276 1138 te
287 1089 329 1137 ilie
342 1111 347 1139 :
365 1090 460 1151 hocque
471 1090 510 1151 fir,
522 1090 565 1138 ubi
574 1105 625 1139 uon
635 1105 692 1139 vere.
703 1091 799 1141 vivitur.

186 1178 228 1226 'i'u
238 1178 311 1226 illum
322 1192 447 1241 nunquam
457 1178 585 1227 ostendisti
597 1180 682 1241 quenti
693 1180 823 1242 penderes,

97 1334 100 1339 Ι
190 1267 242 1315 Neo
252 1267 298 1316 tibi
308 1267 383 1316 ille’st
392 1268 490 1317 eredere
501 1282 585 1327 ausus,
597 1284 651 1329 quae
662 1277 700 1317 est
710 1283 806 1331 aequom
816 1271 887 1333 patri.

190 1355 263 1411 Quod
273 1355 293 1405 si
305 1364 369 1405 esset
380 1357 481 1417 factum,
492 1358 545 1406 haee
556 1373 683 1419 uunquam
695 1359 833 1408 evenissent
844 1360 897 1409 tibi.

190 1448 258 1495 Mers.
275 1448 312 1495 ita
323 1460 362 1496 res
372 1455 419 1508 est,
431 1448 525 1496 fateor:
543 1456 667 1511 peecatum
680 1461 695 1496 a
706 1463 746 1497 me
757 1444 934 1499 maximum'st

192 1537 236 1585 Oh.
253 1537 408 1598 Menedemo,
418 1547 445 1587 at
457 1552 532 1601 porro
544 1546 610 1587 recte
622 1552 704 1601 spero,
716 1546 741 1587 et
752 1539 824 1587 illurn
835 1538 881 1588 tibi

192 1627 290 1676 Salvom
302 1628 445 1677 adiuturum
456 1643 510 1677 esse
521 1628 571 1689 hic,
582 1628 692 1689 confido,
704 1626 853 1693 propediem.

192 1718 261 1766 Men.
277 1717 380 1766 Utinam
390 1717 425 1767 ita
436 1718 467 1766 Di
479 1718 566 1767 faxint.
602 1719 646 1767 Gir.
663 1718 777 1767 Facient:
799 1732 865 1767 nune
884 1717 905 1768 si
924 1732 992 1767 com·

253 1804 397 1866 modum'st,

190 1892 307 1960 Dionysia
317 1895 358 1945 hio
369 1905 442 1947 suut:
460 1896 535 1947 hodie
547 1896 610 1960 apud
624 1911 664 1947 me
675 1895 708 1948 sis
725 1896 789 1947 volo.

190 1987 257 2036 Men.
275 1989 333 2035 Nou
349 2000 458 2050 possum.
492 1989 536 2037 Gir.
554 1988 605 2037 Cur
626 1989 696 2037 non?
716 2001 809 2050 quaeso,
829 1989 930 2038 taudem
950 1987 996 2038 aii·

256 2077 401 2139 quantulum

191 2163 248 2213 'libi
260 2177 349 2228 parce:
367 2163 432 2213 idem
445 2166 533 2213 absens
545 2164 625 2213 facere
635 2171 660 2213 te
670 2165 718 2213 hoc
731 2166 781 2214 volt
792 2163 866 2216 iilius.

191 2255 259 2304 Men·
275 2256 333 2303 Nou
344 2253 467 2314 convenit,
479 2254 522 2316 qui
533 2253 603 2302 ilium
616 2253 647 2302 sd
658 2254 768 2303 laborem
780 2254 931 2318 impulerim,

193 2346 267 2393 Nono
278 2359 318 2394 me
329 2343 410 2407 ipsum
421 2344 513 2405 fogere.
548 2343 593 2392 ct.
609 2342 707 2392 Siccine
717 2351 754 2392 est
762 2343 886 2393 sententia
897 2345 907 2391 ἓ

193 2435 260 2483 Mers.
277 2433 325 2483 Sic.
360 2434 405 2492 ot,
420 2436 489 2484 Bene
499 2435 561 2482 vale.
594 2435 661 2482 Men.
679 2435 712 2482 iit
731 2440 766 2482 tu.
802 2434 846 2482 Gir.
864 2434 996 2482 Lacrumas

257 2524 365 2574 excussit
375 2523 448 2586 mihi,

195 2611 344 2676 Miseretque
355 2627 395 2662 me
405 2614 470 2674 ejus:
487 2612 529 2662 sed
540 2620 568 2661 ut
578 2609 627 2661 diei
637 2619 733 2673 tempus
744 2618 792 2670 est,

191 2705 301 2762 ,Monere
312 2709 410 2766 oportet
422 2716 461 2751 me
472 2703 538 2751 hunc
550 2700 657 2750 ricinum
670 2698 800 2759 Phaniam,

195 2792 235 2844 Ad
246 2806 342 2841 ooenam
353 2799 382 2841 ut
391 2792 487 2841 veniat:
505 2791 557 2852 ibo,
568 2789 645 2840 visam
655 2788 676 2838 si
687 2787 755 2837 domi
766 2794 812 2837 est.

199 2881 268 2930 Nihil
278 2895 340 2945 opus
351 2880 399 2930 init
407 2880 546 2930 monitore:
559 2865 716 2941 jamdudum
727 2875 796 2927 domi

198 2974 291 3021 Praesto
302 2970 365 3034 apud
376 2984 416 3019 me
426 2984 480 3019 esse
490 2969 573 3018 aiunt:
591 2976 689 3030 egomet
700 2967 812 3016 convivas
821 2980 913 3016 moror.

198 3062 243 3111 ibo
252 3060 315 3110 adeo
324 3060 383 3110 hine
393 3060 478 3110 introe
496 3059 539 3109 sed
548 3058 609 3122 quid
620 3064 767 3122 crepuerunt
776 3057 842 3105 fores
948 3097 951 3102 .

197 3150 262 3222 iiiuc
273 3164 287 3200 a
298 3152 360 3201 me?
380 3148 492 3212 quisnam
504 3147 644 3212 egreditur?
664 3148 713 3197 hue
722 3159 872 3197 concessero.
897 3166 898 3172 ¹
