2459 3800
413 465 525 514 AOTUS
538 465 571 512 ΙΙ.
605 465 715 514 SCENA
727 466 773 514 111.
952 467 984 514 25

438 664 603 728 i‘auuuiaus.
635 665 733 712 Davus.

183 775 258 828 Qum
275 773 350 835 igitur
369 775 416 824 sibi
434 776 487 826 volt
501 779 589 840 pater?
622 792 667 826 cur
684 776 806 826 simulat?
849 777 917 824 Dav.
933 774 986 836 ligo

249 863 330 913 dicam
344 864 397 914 tibi.

183 951 210 1001 si
222 952 247 1000 id
259 961 400 1003 succenseat
409 969 485 1016 nunc,
498 956 555 1018 quia
567 971 617 1004 non
630 956 675 1004 dat
684 954 729 1004 tibi
740 969 845 1004 uxorem
857 953 986 1012 Chremes,

182 1043 252 1104 Ipsus
263 1041 309 1090 sibi
321 1057 373 1091 esse
384 1042 489 1103 injurius
499 1044 626 1107 videatur3
644 1057 723 1106 neque
732 1044 759 1092 id
770 1043 877 1106 injuria3

183 1129 257 1178 Prius
268 1142 342 1190 quam
352 1137 433 1192 tuum,
444 1139 473 1180 ut
484 1128 537 1181 aeae
547 1133 646 1194 habeat,
657 1133 768 1182 animum
779 1132 811 1182 ad
821 1131 919 1194 nuptias
929 1144 986 1194 per-

246 1219 361 1281 spexerit.
651 1207 656 1217 ⁴

182 1307 230 1356 Sed
243 1307 264 1358 ai
275 1315 303 1356 tu
312 1309 408 1370 negaris
418 1310 517 1371 ducere,
529 1309 667 1374 ibiculpam
677 1311 704 1360 in
714 1319 740 1360 aa
748 1311 888 1360 transferet.

182 1397 248 1446 Tum
265 1397 498 1456 illaturbaeiieut.
543 1402 614 1448 Pam.
636 1398 754 1454 Quidvis
773 1398 873 1462 patiar?
919 1400 985 1446 Dav.

249 1487 380 1548 Putarem,
394 1487 531 1551 Pam12hile.

183 1574 288 1644 Difficile
303 1583 357 1626 est:
376 1567 429 1626 tum
447 1578 499 1628 hmo
517 1579 603 1627 sola’st
622 1577 728 1626 mulier:
746 1576 838 1625 dicmm
856 1588 884 1624 ac
895 1574 986 1623 faetum

247 1662 368 1713 invenerit

180 1751 297 1815 Aliquam
327 1768 438 1815 causam,
471 1756 630 1816 quamobrem
664 1753 746 1815 eiiciat
772 1751 870 1816 oppido.
914 1754 986 1800 Pam.

249 1840 358 1903 lijiciat?
394 1844 461 1892 Dav.
486 1842 551 1892 Cim.
612 1852 614 1856 '

182 1934 254 1980 Pam.
278 1932 346 1980 Cedo
368 1932 451 1993 igitur,
477 1932 536 1995 quid
555 1932 656 1992 faciam,
679 1933 766 1981 Dave?
802 1934 867 1981 Dav·
891 1930 938 1979 Dic
961 1937 986 1978 te

248 2019 386 2069 ducturum.
420 2022 492 2069 Pam.
510 2024 592 2070 Hem!
626 2023 693 2071 Dav.
709 2021 775 2076 Quid
785 2024 843 2070 aaa?

185 2112 255 2159 Pam.
273 2110 358 2170 Egone
369 2108 468 2159 dicam?
501 2097 568 2159 Dav.
586 2112 637 2160 Cur
649 2111 721 2158 non?
764 2112 836 2159 Pam.
853 2111 986 2171 Nunquam

248 2199 345 2248 faciam.
377 2201 444 2248 Dav.
462 2202 580 2259 Nenega.

184 2290 256 2338 Pam.
273 2287 381 2339 Suadere
392 2286 452 2359 uoli.
485 2290 551 2337 Dua.
567 2290 606 2336 Ex
617 2302 647 2335 ea
657 2295 685 2335 r'e
693 2287 753 2349 quid
763 2288 816 2347 fiat,
827 2286 890 2335 vide.

183 2380 255 2426 Pam.
285 2365 321 2427 Ut
337 2377 368 2441 ab
384 2376 429 2425 iila
446 2375 572 2436 excludar,
591 2376 640 2425 huc
659 2376 799 2425 concludar.
832 2378 898 2425 Dav.
928 2376 986 2423 Non

248 2464 283 2514 ita
292 2472 338 2513 eat.

186 2556 280 2618 Nempe
290 2556 339 2604 hoe
349 2554 384 2604 sic
395 2568 447 2604 esse
458 2554 547 2617 opinor
557 2553 681 2603 dicturum
691 2560 785 2615 patrem
795 2570 804 2599 ι

185 2645 266 2692 Ducaa
275 2644 331 2693 volo
342 2644 415 2693 hodie
426 2658 529 2693 uxorem
540 2663 546 2692 ι
564 2652 602 2703 tu,
613 2646 718 2703 Ducam,
729 2642 834 2705 inquies.

188 2732 266 2793 cedo,
279 2731 336 2795 quid
344 2732 453 2793 jugabit
462 2734 559 2781 tecum?
578 2731 620 2781 hic
631 2732 719 2780 reddes
729 2732 824 2791 omnia,

186 2822 247 2875 Quae
254 2817 322 2869 ⁴nunc
333 2828 392 2869 sunt
401 2829 469 2870 certa
476 2820 499 2869 ai
509 2820 623 2881 consilia,
634 2820 728 2869 incerta
738 2829 766 2869 ut
775 2820 849 2879 aiant,

187 2910 246 2959 Sine
268 2910 337 2959 omni
358 2910 459 2973 periclo.
492 2913 557 2959 Nam
579 2910 654 2960 hocce
675 2910 736 2959 haut
755 2910 858 2960 dubium
869 2918 916 2972 eat,
927 2909 986 2973 quin

249 2999 366 3049 Chremes

183 3087 239 3137 Tibi
250 3103 301 3138 uon
311 3088 354 3138 det
363 3096 460 3151 gnatum
472 3108 478 3138 ε
499 3102 543 3139 uec
553 3096 580 3137 tu
592 3103 622 3138 ea
631 3102 704 3137 causa
713 3087 833 3139 minueris
