2459 3800
407 490 519 542 ACTUS
536 492 556 539 1.
589 489 698 542 SGENA
716 489 749 540 ii.
935 489 981 537 193

176 630 209 676 Et
219 628 284 677 unde
294 629 347 677 hnc
357 629 427 690 fiant,
438 637 464 678 et
474 629 554 679 adhuc
566 645 617 680 non
628 631 735 682 molesta
745 637 810 682 sunt.

178 719 306 765 Postremo
316 723 359 765 out
369 716 463 778 desine,
474 725 518 768 out
526 719 588 767 cedo
600 720 710 781 quemvis
720 719 839 769 mbitrum
851 739 857 768 z

177 807 214 854 Te
224 808 296 868 plura
306 804 332 853 in
342 805 388 854 luto
400 819 428 854 re
438 820 540 868 peceare
549 807 685 858 ostendum.
719 810 767 858 De.
786 807 834 857 Hei
844 805 919 856 mihi!

178 897 252 943 Pater
262 907 316 943 esse
327 893 394 944 disce
406 897 438 944 ab
449 895 515 957 aliis,
527 897 570 958 qui
581 911 639 946 vere
651 897 739 946 sciunt.

177 985 225 1033 Mei
242 985 339 1032 Natura
346 990 374 1032 tu
381 983 419 1032 illi
429 992 497 1046 pater
507 999 545 1042 es,
555 984 665 1033 consiliis
675 999 727 1046 ego.

178 1074 226 1120 De.
243 1073 308 1120 'l'un'
319 1072 427 1120 consulis
439 1073 567 1134 quicquam
579 1075 589 1120 ἓ
626 1075 673 1120 Mi.
689 1073 741 1132 Ah,
759 1072 780 1120 si
791 1071 880 1134 pergis,
892 1071 983 1120 abiero.

179 1163 228 1209 De.
244 1159 340 1210 Siccine
360 1160 432 1221 agis?
469 1163 516 1209 Mi.
533 1162 574 1208 An
595 1175 641 1221 ego
659 1161 733 1209 toties
753 1160 879 1209 decadem
898 1173 925 1208 re
941 1173 984 1208 au-

245 1247 331 1296 diam?

179 1339 227 1385 De.
239 1337 310 1386 Curae
320 1341 359 1383 est
368 1335 437 1383 mihi.
452 1337 507 1383 Mi.
517 1335 551 1383 Et
558 1334 620 1382 mihi
630 1349 694 1384 curae
705 1342 757 1384 est:
775 1349 871 1394 verum,
882 1335 984 1392 Demea,

184 1427 305 1475 Curemus
316 1437 411 1486 mquam
418 1431 525 1484 uterque
537 1431 631 1486 partem
642 1443 648 1472 ι
666 1432 693 1473 tu
704 1425 819 1483 alterum,

180 1515 233 1574 Ego
244 1513 302 1560 item
313 1513 435 1562 aiterum:
454 1525 512 1560 nom
522 1513 611 1560 ambos
622 1525 718 1572 curare,
730 1511 907 1575 propemodum

182 1603 318 1664 Reposcere
326 1600 398 1648 illum
409 1606 458 1660 est,
470 1613 543 1662 quem
553 1599 650 1648 dedisti.
684 1601 732 1648 De·
748 1600 799 1660 Ah,
813 1598 898 1647 Micio.

184 1690 231 1737 Mi.
247 1687 311 1736 Mihi
322 1686 356 1736 sic
368 1687 470 1744 ridetur.
502 1689 551 1735 De.
569 1686 635 1740 Quid
645 1685 720 1735 istic?
739 1686 784 1734 tibi
796 1686 815 1735 si
825 1686 886 1735 istuc
897 1685 986 1748 placet,

183 1776 330 1840 Profundat,
341 1777 437 1840 perdat,
449 1784 551 1841 pereat3
569 1774 632 1824 nihil
644 1775 675 1824 ad
684 1790 724 1824 me
735 1775 830 1826 attinet.

183 1868 241 1917 lum
253 1864 275 1916 si
284 1866 386 1915 verbum
397 1865 597 1927 unumposthac.
630 1866 678 1914 Mi.
695 1865 813 1925 Rursum,
826 1865 927 1923 Demea,

184 1956 310 2005 irascere?
345 1956 391 2002 De.
408 1954 448 2001 An
460 1968 509 2001 uon
522 1954 623 2002 credis?
643 1954 753 2017 repeton’
766 1968 838 2015 quem
850 1952 927 2002 dedi?

185 2044 308 2104 AEgre’st:
325 2042 419 2091 alienus
430 2056 481 2090 non
492 2056 561 2091 sum:
577 2042 598 2090 si
610 2042 700 2103 obst03
717 2042 786 2103 hem,
797 2042 891 2091 desino.

187 2134 273 2185 Unum
283 2131 319 2180 vis
328 2144 423 2189 curem,
434 2144 494 2178 curo
505 2151 511 2179 ι
529 2136 555 2178 ct
565 2136 603 2177 est
613 2129 658 2179 Dis
668 2130 756 2191 gratia,

187 2220 271 2274 Quum
281 2219 316 2267 itu
325 2224 353 2266 ut
362 2219 419 2265 volo
430 2225 486 2279 est;
503 2218 549 2266 iste
560 2225 616 2285 tuus
629 2218 680 2279 ipse
691 2218 780 2267 sentiet

187 2309 324 2359 Posterius:
340 2309 400 2357 nolo
410 2307 437 2356 in
448 2308 519 2357 illum
530 2308 627 2368 gravius
637 2308 726 2357 dicere.

110 2457 113 2462 ¹
188 2400 236 2448 Mi.
252 2400 306 2446 Nec
317 2397 391 2457 nihil,
402 2410 480 2458 neque
492 2396 577 2445 omnia
586 2398 640 2445 haec
653 2405 721 2457 suut,
733 2412 787 2459 quae
798 2398 872 2460 dicit;
891 2406 972 2449 tamen

191 2485 323 2553 Nonnihil
335 2485 439 2535 molesto
448 2486 501 2536 hec
513 2493 571 2533 sunt
582 2484 661 2533 mihi:
679 2484 721 2533 sed
733 2485 862 2535 ostendere

189 2578 232 2625 Me
243 2589 306 2637 aegre
316 2574 367 2638 pati
378 2574 426 2634 illi,
438 2573 524 2621 nolui:
541 2587 598 2621 nam
610 2573 678 2622 ita'st
687 2574 763 2623 homo
775 2594 782 2623 ι

191 2666 275 2719 Quum
285 2665 367 2727 placo,
378 2662 495 2711 advorsor
506 2663 592 2712 sedulo
604 2670 630 2711 et
640 2662 766 2712 deterreo:

189 2756 285 2803 Temen
295 2752 337 2801 rix
348 2753 456 2802 humane
466 2751 572 2814 patitur:
590 2765 676 2799 verum
687 2751 708 2800 si
720 2764 832 2813 augeam,

190 2846 242 2893 Aut
253 2843 327 2893 etium
337 2842 434 2903 adiutor
445 2842 491 2891 sim
503 2843 555 2902 ejus
565 2840 707 2901 iracundiae,
796 2910 799 2915 Α

192 2932 317 2997 lumniam
327 2932 437 2995 proiecto
448 2946 506 2981 cum
517 2931 577 2980 illo:
595 2931 642 2980 etsi
652 2930 784 2981 AEschinus

193 3022 350 3071 Nonnullam
360 3020 386 3069 in
397 3021 444 3069 hac
453 3034 481 3069 re
492 3020 566 3069 nobis
574 3020 633 3069 facit
643 3019 769 3081 iujuriam.

194 3111 274 3165 Quam
284 3110 325 3159 hic
336 3124 387 3159 non
398 3109 488 3159 amarit
498 3107 669 3157 meretricem?
687 3115 730 3157 aut
738 3108 777 3157 cui
790 3123 840 3163 nou
851 3109 918 3159 dedit

585 3208 602 3241 o
