2459 3800
248 471 297 521 29⁰
470 471 498 519 P.
513 469 674 528 't‘tanu'ru
692 471 836 521 HBCYRA.

246 616 329 678 anue
339 614 387 664 hot
396 619 420 662 te
432 612 493 664 mihi
506 613 721 674 nunuarejueeit=
733 613 800 664 itane
810 606 972 664 estfactum?
992 617 1053 663 Par.

312 703 360 764 ita,
370 703 478 765 inquam.

248 796 320 843 Pam.
337 793 400 848 Quis
411 806 450 842 me
461 799 499 842 eat
507 792 666 852 fortunatior,
677 792 859 854 venustatisque
869 792 931 842 adeo
940 791 1055 855 plenior?

241 886 324 947 'Egon’
342 891 367 932 te
385 898 431 947 pro
442 884 490 934 hoc
501 883 592 934 uuueio
603 884 663 946 quid
673 884 782 933 donem?
802 883 881 945 quid?
900 882 978 944 quid?
997 896 1055 930 nee·

311 973 360 1022 cio.

246 1067 307 1113 Par.
324 1065 358 1112 At
366 1075 411 1123 ego
423 1061 483 1111 ecio.
516 1065 587 1112 Pam.
605 1062 693 1118 Quid?
729 1065 790 1110 Par.
808 1061 878 1110 Nihil
891 1061 977 1111 euim:

246 1154 313 1203 Nam
325 1165 404 1214 neque
415 1151 441 1200 in
454 1151 556 1213 nuncio,
568 1165 648 1214 neque
659 1152 685 1200 iu
697 1166 736 1200 me
746 1150 800 1214 ipsc
811 1151 856 1200 tihi
866 1151 926 1201 boni
937 1150 996 1213 quid
1007 1150 1051 1211 sit,

312 1241 372 1292 scio.

248 1334 319 1380 Pam.
337 1331 432 1404 Egone,
442 1329 484 1392 qui
496 1330 527 1378 ab
539 1330 605 1379 Orco
615 1336 741 1379 mortuum
757 1322 797 1378 me
809 1328 923 1378 reducem
932 1327 958 1377 iu
971 1329 1054 1377 lucem

314 1419 411 1478 feceris,
790 1476 794 1484 .

249 1508 334 1559 Sinam
343 1508 397 1556 siue
409 1519 511 1556 munere
523 1519 538 1554 a
549 1521 589 1555 me
601 1505 692 1555 abire?
712 1507 754 1567 eh,
768 1505 874 1556 nimium
883 1520 922 1556 me
931 1506 1055 1568 innatum

315 1597 401 1659 putaui

249 1685 297 1736 Sed
309 1684 457 1734 Bacchidem
466 1699 549 1734 eccam
557 1685 628 1734 video
639 1694 703 1735 stare
715 1694 773 1735 aute
783 1687 892 1737 catium:

249 1777 292 1824 Me
303 1781 439 1836 exspectat,
449 1775 539 1824 credo:
558 1774 639 1823 adibo.
672 1778 721 1823 Ba.
733 1776 815 1836 Salve,
829 1775 964 1838 Pamphile.

251 1866 323 1914 Pam·
340 1864 362 1915 0
373 1863 486 1923 Bacchis,
496 1878 511 1913 ο
523 1877 579 1912 mea
591 1864 706 1926 Bacchis,
718 1865 836 1915 servatrix
848 1878 911 1915 mea.

250 1956 299 2003 Ba.
317 1955 385 2002 Beue
396 1953 498 2012 factum,
516 1960 542 2003 et
556 1953 685 2016 volupe'st.
718 1957 790 2004 Pam.
808 1956 897 2016 Factis,
909 1963 937 2004 ut
947 1953 1058 2017 credam,

315 2040 394 2091 facis:

250 2129 434 2192 Antiquamque
445 2129 506 2179 adeo
519 2137 587 2179 tuam
599 2139 751 2189 venustatem
762 2131 870 2193 obtines,

251 2223 286 2270 Ut
297 2220 416 2283 voluptati
427 2219 518 2281 obitus,
531 2235 624 2282 sermo,
636 2222 753 2272 adventus
764 2230 833 2284 tuus,
852 2236 997 2287 quocunque
1008 2222 1055 2274 ad·

205 2376 209 2382 ⁵
315 2309 424 2370 venenis,

250 2400 352 2463 Semper
364 2399 418 2449 siet.
451 2402 500 2449 Ba.
517 2401 553 2450 Ac
572 2407 598 2449 tu
615 2407 710 2449 ecastor
731 2414 826 2451 morem
845 2400 971 2464 antiquom
983 2408 1058 2465 atque

314 2488 439 2550 ingenium
456 2488 564 2550 obtines,

252 2579 287 2628 Ut
298 2593 362 2629 unua
372 2578 502 2629 homiuum
511 2580 587 2629 honio
599 2588 624 2629 te
635 2580 699 2629 vivat
709 2595 835 2643 nunquam
847 2579 975 2643 quiequam
983 2582 1057 2631 blan-

318 2670 380 2719 dior.

251 2768 324 2812 Pam.
343 2763 391 2818 Ha,
409 2760 511 2819 haue,
532 2766 591 2808 tuuc
609 2758 671 2808 mihi
683 2759 763 2809 istuc?
799 2761 849 2809 Ba.
865 2763 940 2810 Recte
958 2762 1059 2822 amasti,

320 2845 457 2910 Pamphile,
470 2861 573 2896 uxorem
585 2855 651 2896 tuam
664 2867 670 2897 :

253 2942 318 2988 Nam
330 2950 455 2999 nunquam
465 2946 521 2987 ante
532 2938 597 2987 huuc
608 2938 675 2987 diem
686 2938 748 2988 meis
756 2939 834 2990 oculis
843 2954 909 3001 eam,
920 2941 986 3003 quod
997 2954 1059 2993 nua-

320 3042 381 3089 sem,
390 3027 506 3109 videram.
