2459 3800
249 501 299 552 338
461 502 489 549 Ρ.
505 499 665 548 TERENTII
684 499 852 548 PHORMIO.

252 643 310 691 Jam
333 638 370 688 illi
390 639 474 688 datium
496 648 534 688 est
551 642 697 701 argentum?
730 643 779 689 De.
798 638 888 689 Curavi
900 639 976 690 illico.
1013 642 1058 690 Ch.

318 729 418 777 Nollem
430 728 529 776 darum!

254 818 301 867 Hei
312 820 318 865 !
337 818 408 866 video
416 832 520 867 uxorem
531 838 537 864 :
555 832 624 880 paene
635 819 702 880 plne,
713 832 787 881 quam
798 827 837 868 sat
844 828 907 869 erut.
939 822 987 868 De.
1006 821 1059 868 Cur

319 907 410 965 nolles,
424 906 549 955 Chreme?

256 996 299 1044 Gi.
313 996 454 1044 Jamreete.
486 997 534 1043 De.
553 993 618 1047 Quid
627 997 675 1043 tu?
695 996 782 1057 ecquid
791 998 888 1046 locutus
895 1011 952 1045 cum
964 996 1012 1046 ista
1020 1010 1057 1056 er,

319 1085 480 1145 quamobrem
491 1084 554 1134 hunc
565 1084 697 1133 ducimus?

258 1174 301 1220 Ch.
317 1173 445 1234 Transegi.
479 1175 527 1220 De.
552 1173 618 1228 Quid
635 1173 671 1222 eit
688 1173 806 1222 tandem?
844 1175 887 1223 Ch.
903 1172 998 1223 Abduci
1008 1187 1060 1222 non

320 1268 409 1324 potest.
442 1263 490 1310 De.
507 1261 555 1315 Qui
567 1276 617 1309 non
627 1265 730 1324 potent?

257 1351 300 1398 Clu.
318 1350 382 1405 Quia
391 1358 493 1412 uterque
504 1351 601 1412 utrique
619 1359 657 1399 est
668 1353 746 1401 cordi.
778 1355 825 1400 De.
844 1351 910 1406 Quid
925 1351 986 1399 istuc
997 1365 1057 1400 nos·

320 1442 377 1487 tra?
417 1441 458 1488 Ch.
476 1439 579 1500 Magni:
602 1447 690 1502 preter
701 1441 765 1500 haec,

258 1529 391 1590 cognanum
403 1529 511 1590 comperi
523 1541 576 1576 esse
588 1528 666 1576 nobie.
698 1531 746 1577 De.
764 1528 846 1584 Quid!
864 1527 953 1577 delirae
965 1530 976 1576 2
1013 1529 1058 1577 Oh.

323 1617 363 1667 Sic
375 1618 439 1667 erit:

258 1709 315 1756 Non
325 1715 419 1756 temere
430 1705 501 1754 dico:
519 1706 571 1754 redi
583 1720 680 1754 mecum
692 1707 718 1754 in
729 1707 882 1755 memoriam.
916 1709 964 1756 De.
980 1705 1059 1755 Sotin’

322 1795 454 1844 sanuses?

256 1888 307 1935 Nu.
323 1885 374 1945 Au,
385 1885 498 1944 obsecro,
510 1897 577 1943 cave,
591 1897 622 1932 ne
633 1882 659 1931 in
670 1891 798 1944 cognatam
810 1897 903 1946 pecces.
935 1886 983 1932 De.
1000 1884 1060 1932 Non

322 1981 367 2023 est.
402 1974 445 2022 Clu.
463 1975 500 2021 Ne
513 1986 591 2034 nega:

258 2062 337 2112 Patris
350 2076 440 2110 nomen
452 2062 518 2110 aliud
531 2061 686 2111 dictumest:
704 2062 752 2109 hoc
769 2068 797 2109 tu
808 2060 903 2110 errasti.
936 2063 984 2109 De.
1003 2061 1061 2108 Non

321 2153 516 2213 noratpatrem?

260 2240 303 2289 cu.
321 2240 407 2287 Norat.
446 2241 493 2287 De.
512 2240 562 2287 Cur
580 2238 647 2287 aliud
658 2237 739 2287 dixit?
766 2239 821 2291 Clu.
838 2240 1003 2299 Nunquamne
1014 2238 1062 2285 ho-

322 2327 362 2375 die
373 2327 492 2377 concedes
501 2326 572 2386 mihi,

259 2418 345 2479 Neque
357 2415 498 2477 intelliges?
533 2418 581 2464 De.
599 2415 626 2465 Si
646 2424 672 2464 tu
692 2415 754 2463 nihil
765 2429 859 2463 narras.
894 2415 938 2462 cu.
956 2413 1061 2475 Pergis?

325 2508 377 2555 Na.
394 2504 474 2554 Miror
487 2503 603 2566 quidhoc
615 2504 677 2553 siet!

258 2596 306 2643 De.
323 2594 443 2657 Equidem
462 2594 545 2642 hercle
565 2592 656 2642 nescio.
690 2594 733 2641 Gi.
750 2591 808 2640 ifin’
820 2590 904 2639 scire?
923 2597 949 2639 at
969 2590 1004 2639 ita
1019 2604 1061 2639 me

323 2691 403 2732 servet
412 2682 537 2745 iuppiter,

260 2777 297 2825 Ut
308 2774 406 2837 propior
417 2772 466 2832 illi,
485 2786 558 2834 quam
577 2785 622 2832 ego
643 2785 698 2819 uum
711 2784 739 2819 ac
750 2776 788 2830 tn,
809 2769 933 2817 nemo’ut!
967 2769 1015 2817 De.
1032 2767 1066 2816 Di

325 2860 534 2911 vostramfidem!

261 2952 353 2999 Eamus
365 2951 395 2998 ad
404 2951 481 3013 ipsam
493 2970 501 3011 3
518 2962 568 2997 nna
579 2947 660 2996 omnin
669 2961 715 2996 nos
726 2946 851 3006 animine,
862 2953 905 2994 aut
916 2942 1009 2993 nescire
1019 2942 1068 2991 hoo

324 3042 389 3089 volo.
425 3040 468 3088 ou.
487 3041 543 3087 Ha!

263 3132 310 3179 De.
328 3128 394 3183 Quid
405 3129 463 3177 est?
499 3126 739 3188 Ch.1tnn’purvum
756 3122 817 3173 mihi
835 3123 908 3172 fidem
928 3134 982 3171 eree
999 3119 1064 3183 apud

326 3221 369 3267 te?
404 3220 452 3267 De.
469 3216 525 3267 Vin'
536 3230 576 3265 me
589 3214 706 3264 credere?
