2459 3800
238 441 285 494 loo
425 446 453 493 Ρ.
469 442 631 492 TERENTII
649 439 850 491 EUNUGHUS.

236 582 277 632 Sic
287 582 347 632 mihi
359 581 417 632 data
426 596 479 631 ecoe
488 582 571 630 verba.
588 580 654 635 Quid
666 580 718 629 illic
728 578 838 628 hominis
849 580 906 627 est?

237 675 284 734 Py.
302 674 369 720 Hera
380 685 444 732 mea,
455 678 527 731 tace,
544 678 598 718 tace
610 671 724 729 obsecro,
740 669 812 718 salum
823 680 909 717 sumus
921 686 929 728 ς

239 761 363 808 Habemus
380 759 507 808 homiuem
520 759 609 820 ipsum.
646 759 691 805 Ta.
710 755 759 806 Ubi
778 756 799 805 is
816 756 873 805 est?
909 757 955 815 Py.
973 753 1037 803 Hem

301 846 484 897 adsiniotram:
990 874 992 879 .

235 936 362 985 Videsne?
400 937 445 985 Th.
462 936 549 985 Video.
582 938 630 997 Pp.
648 932 829 997 Comprehendi
837 934 907 994 jube,
919 939 1037 995 quantum

333 1031 390 1073 tesi.

238 1115 283 1162 Th.
300 1038 560 1172 1(ἶῑοιιῑᾱὶΙΙοῐεοὶειιιιιε,
572 1112 648 1161 surita
660 1114 669 1159 ἓ
705 1115 752 1173 Pp.
770 1110 836 1165 Quid
848 1109 932 1172 faciae,
944 1123 1015 1172 rogas
1026 1112 1036 1157 .>

238 1200 300 1251 Vide
311 1203 408 1263 amabo,
420 1202 442 1251 si
454 1216 516 1264 non,
528 1217 603 1263 quum
615 1200 728 1263 aspicias,
740 1214 768 1248 os
780 1199 909 1262 impudens

237 1289 355 1340 Videtur:
375 1293 493 1341 nonest?
512 1298 566 1340 tum
577 1305 631 1353 quoe
643 1292 696 1351 eJus
707 1288 889 1339 confidentia’st
901 1291 908 1337 !

455 1538 567 1589 Acriis
585 1538 617 1586 V.
659 1536 770 1587 SCENA
786 1536 820 1585 11.

435 1654 560 1703 cunam.
592 1653 687 1700 Tnnrs.
720 1652 846 1699 Puram.

239 1754 314 1802 Aron
324 1751 492 1815 Antiphonem
503 1758 616 1813 uterque,
628 1758 708 1799 mater
716 1757 742 1799 et
751 1756 831 1812 pater,

240 1840 317 1897 Quasi
328 1842 411 1891 dedita
421 1854 507 1906 opera,
519 1840 587 1890 domi
598 1847 680 1902 erant,
691 1847 720 1889 ut
730 1841 801 1888 nulio
811 1838 885 1888 modo

241 1931 348 1980 Introire
357 1944 466 1994 possem,
477 1929 536 1992 quin
551 1929 663 1979 riderent
672 1943 726 1978 mer
745 1929 845 1978 interim

239 2021 306 2067 Dum
316 2025 374 2067 onie
384 2017 475 2069 ostium
486 2024 536 2077 sto,
547 2025 621 2066 notus
632 2016 694 2066 mihi
704 2015 804 2079 quidam
815 2015 911 2065 obviam
995 2077 997 2083 k

240 2106 329 2158 Venitz
347 2107 391 2158 ubi
401 2107 461 2168 vidi,
473 2107 577 2169 egomcd
587 2107 613 2155 iu
625 2105 710 2170 pedes,
722 2113 841 2168 quantum
850 2118 925 2167 queo,

240 2201 269 2248 io
278 2199 434 2262 angiportum
445 2197 567 2262 quoddam
578 2196 703 2247 desertum
715 2215 721 2244 r
739 2195 797 2245 inde
808 2195 868 2244 item

239 2289 268 2337 In
280 2286 357 2348 uliud,
369 2287 426 2336 iude
436 2287 461 2335 in
473 2287 554 2336 aliud:
573 2285 607 2335 ita
618 2285 770 2335 miserrimus

240 2376 286 2428 Fui
294 2378 431 2441 fugitando,
443 2392 474 2426 ne
484 2377 538 2439 quia
549 2390 589 2426 me
597 2384 765 2438 cognosceret.

239 2467 288 2518 Sed
298 2475 367 2518 estne
378 2468 430 2516 hac
440 2466 527 2526 Thais,
538 2480 612 2528 quam
625 2465 713 2515 video?
731 2466 833 2529 ipca’ot:
850 2465 943 2526 haereo,

240 2558 308 2613 Quid
317 2557 404 2606 faciam
414 2559 424 2605 ?
444 2555 503 2618 quid
513 2569 568 2604 mea
578 2562 661 2604 autem
671 2557 681 2604 ἓ
701 2554 760 2616 quid
769 2553 843 2603 faciet
853 2552 931 2602 mihi?

241 2649 288 2697 Ta,
305 2646 437 2695 Adeamus.
450 2647 526 2694 -Bone
536 2645 574 2693 vir
582 2647 660 2705 Dore,
671 2645 753 2693 salve:
771 2643 810 2692 dic
822 2642 894 2703 mihi,

239 2734 412 2797 Aufugistin'?
460 2735 504 2783 Ch.
531 2735 608 2794 Hera,
630 2734 730 2783 factum.
777 2734 822 2781 Ta.
848 2731 928 2782 Satin'
950 2731 976 2782 id
996 2733 1041 2782 tibi

231 2854 234 2857 -
305 2825 405 2888 piacet?
965 2840 967 2846 ¹

242 2916 285 2963 Ch.
298 2915 365 2962 Non.
392 2913 438 2961 Th.
451 2911 551 2961 Credin'
564 2919 588 2961 te
598 2912 699 2974 impune
710 2909 871 2960 habiturum?
900 2913 943 2962 Oh.
956 2914 1039 2964 Unam

303 3002 367 3051 hanc
378 3001 478 3051 noxiam

241 3090 348 3142 Omitte:
365 3091 387 3142 ai
398 3090 473 3142 aliam
484 3090 607 3142 admisero
616 3105 736 3154 unquam,
747 3091 860 3143 occidito.
