2459 3800
428 453 540 504 ACTUS
557 454 599 503 lV.
633 453 743 504 SCENA
760 455 780 502 l.
984 457 1017 505 39

204 567 271 616 Tum
282 565 371 627 coacti,
380 567 519 618 necessario
530 582 556 618 ae
565 568 689 632 aperiunt,
700 576 727 617 et
733 567 840 630 timent;

206 657 239 704 Et
249 663 333 704 tamen
342 670 382 704 res
392 656 458 718 cogit
466 657 595 718 denegare.

206 743 243 792 lbi
254 751 307 792 tum
317 757 403 794 eurum
416 743 628 806 impudentissima
638 744 719 794 oratio
729 754 785 808 est;

204 832 266 887 Quis
277 835 361 882 tues?
380 833 435 894 quis
447 833 567 882 mihies?
586 849 632 883 cur
643 848 724 883 meam
735 834 802 883 tibi?

203 923 282 981 Heln,
296 922 427 972 Proximus
438 937 493 972 sum
502 930 599 984 egnum
609 923 679 972 milui.
712 925 839 984 Attamen,
850 909 892 972 uni
903 922 963 973 tides
977 926 987 971 ?

206 1011 232 1060 si
244 1025 326 1072 roges,
335 1011 398 1062 nihil
410 1012 500 1076 pudet:
527 1012 577 1072 hic,
589 1013 631 1061 ubi
642 1027 704 1075 opua
714 1020 761 1073 eat,

196 1101 264 1150 'Non
276 1109 406 1152 verentur:
424 1103 487 1163 illic,‘
496 1102 538 1152 ubi
546 1103 609 1154 nihil
619 1117 682 1166 opus
693 1111 740 1163 est,
752 1104 786 1153 ibi
797 1111 921 1154 verentur.

206 1190 254 1241 Sed
277 1191 336 1253 quid
355 1194 444 1253 aaut?
463 1192 582 1246 adeamne
599 1193 632 1242 ad
650 1207 719 1254 eum,
733 1202 828 1243 etcum
849 1208 880 1243 eo
898 1193 1013 1255 injuriam

271 1281 335 1330 hanc
345 1283 520 1345 expostulem?

207 1373 321 1432 Ingeram
332 1351 399 1420 nnala
414 1371 514 1420 multa?
533 1378 606 1434 atque
624 1371 713 1434 aliquus
725 1373 801 1434 dicat,
813 1372 884 1423 Nihil
898 1386 1013 1436 promov-

271 1458 329 1508 eris.

207 1550 334 1600 Multum:
359 1550 478 1600 molestus
497 1557 564 1600 certe
581 1549 604 1598 ei
618 1549 707 1612 fner03
728 1558 801 1613 atque
821 1551 1012 1600 anlmomorem

272 1653 379 1702 gessero.

207 1732 278 1779 Pom.
297 1729 414 1791 Chalino,
431 1737 456 1779 et
472 1743 512 1780 me
523 1737 584 1780 etto
595 1730 749 1795 imprudens,
760 1730 809 1780 nisi
820 1729 879 1793 quid
890 1729 922 1779 Di
933 1729 1012 1792 respi-

215 1821 219 1830 ‘
269 1818 348 1880 ciunt,
358 1817 461 1882 perdidi.

207 1912 252 1960 Gla.
269 1912 349 1971 lane,
360 1909 525 1974 imprudens?
545 1910 645 1960 tandem
663 1910 896 1961 inventa'stcausa:
916 1908 1012 1959 solvisti

270 1998 352 2049 iidem.

205 2092 277 2139 Pam.
295 2089 361 2145 Quid
382 2088 503 2139 tandem?
542 2090 586 2139 Ol.
603 2090 686 2139 Etiam
708 2103 774 2139 nunc
792 2101 832 2137 me
851 2088 941 2137 ducere
959 2086 1012 2136 istis

271 2178 343 2231 dietis
352 2180 472 2242 postulas.
808 2167 810 2172 ’

206 2273 279 2319 Pam.
297 2269 363 2325 Quid
385 2269 448 2319 istnc
469 2273 527 2319 eat?
566 2271 609 2319 Ol.
626 2273 760 2333 Postquam
780 2284 821 2319 me
844 2282 927 2318 amare
948 2266 1013 2328 dixi,

270 2357 510 2422 complacita’sttibi.

205 2450 262 2497 Heu
282 2448 466 2499 memineram!
486 2448 528 2511 qui
546 2456 618 2499 tuum
634 2448 744 2498 animum
762 2462 794 2497 ex
811 2448 894 2497 animo
906 2445 1012 2510 spectavi

271 2553 335 2587 meo.

204 2631 277 2677 Pam.
305 2628 390 2679 Falsus
409 2640 446 2677 es.
482 2629 526 2677 ct.
542 2629 635 2676 Nonne
651 2626 697 2677 tibi
716 2625 775 2676 satia
794 2639 848 2675 asae
869 2626 918 2674 hoc
931 2624 1010 2674 vnum

265 2716 410 2767 'solidum'st
423 2715 548 2779 gandium,

205 2806 262 2856 Nisi
283 2820 323 2855 me
345 2806 460 2855 lactasses
480 2812 615 2866 amantem,
638 2812 664 2855 et
684 2806 748 2855 falsa
768 2818 811 2867 ape
836 2803 1006 2867 produoeres?

208 2897 312 2946 Habeas.
347 2899 418 2945 Pam.
437 2897 567 2945 Habeam?
598 2896 646 2945 ah!
665 2895 757 2957 neseis,
779 2894 877 2957 quantia
893 2894 920 2943 in
938 2893 1011 2943 malis

271 2998 352 3037 verser
363 2985 448 3047 miser,

207 3077 363 3137 Quantasque
374 3074 414 3124 hic
431 3074 482 3124 suis
496 3074 606 3128 consiliis
625 3073 687 3125 nihi
702 3074 810 3125 confecit
819 3073 1010 3133 sollicitudines,
