<?xml version="1.0" encoding="UTF-8"?>
<!DOCTYPE html PUBLIC "-//W3C//DTD XHTML 1.0 Transitional//EN"
    "http://www.w3.org/TR/xhtml1/DTD/xhtml1-transitional.dtd">
<html xmlns="http://www.w3.org/1999/xhtml" xml:lang="en" lang="en">
 <head>
  <title>
</title>
<meta http-equiv="Content-Type" content="text/html;charset=utf-8" />
  <meta name='ocr-system' content='tesseract 3.04.00' />
  <meta name='ocr-capabilities' content='ocr_page ocr_carea ocr_par ocr_line ocrx_word'/>
</head>
<body>
  <div class='ocr_page' id='page_1' title='image "./comoediaesexadf00zeungoog_0257.png"; bbox 0 0 2459 3800; ppageno 0'>
   <div class='ocr_carea' id='block_1_1' title="bbox 242 432 805 486">
    <p class='ocr_par' dir='ltr' id='par_1_1' title="bbox 242 432 805 486">
     <span class='ocr_line' id='line_1_1' title="bbox 242 432 805 486; baseline 0.002 -4"><span class='ocrx_word' id='word_1_1' title='bbox 242 432 293 482; x_wconf 77' lang='lat'><strong>248</strong></span> <span class='ocrx_word' id='word_1_2' title='bbox 486 434 597 483; x_wconf 76' lang='lat' dir='ltr'>ALTER</span> <span class='ocrx_word' id='word_1_3' title='bbox 614 433 805 486; x_wconf 82' lang='lat' dir='ltr'><strong>PROLOGUS.</strong></span> 
     </span>
    </p>
   </div>
   <div class='ocr_carea' id='block_1_2' title="bbox 236 574 1022 3053">
    <p class='ocr_par' dir='ltr' id='par_1_2' title="bbox 240 574 1022 818">
     <span class='ocr_line' id='line_1_2' title="bbox 244 574 917 641; baseline -0.001 -14"><span class='ocrx_word' id='word_1_4' title='bbox 244 579 365 641; x_wconf 78' lang='lat' dir='ltr'><strong>Hecyram</strong></span> <span class='ocrx_word' id='word_1_5' title='bbox 377 574 408 627; x_wconf 87' lang='lat' dir='ltr'><strong>ud</strong></span> <span class='ocrx_word' id='word_1_6' title='bbox 419 589 461 625; x_wconf 82' lang='lat' dir='ltr'><strong>voa</strong></span> <span class='ocrx_word' id='word_1_7' title='bbox 472 576 565 638; x_wconf 80' lang='lat' dir='ltr'><strong>refero,</strong></span> <span class='ocrx_word' id='word_1_8' title='bbox 576 590 651 639; x_wconf 86' lang='lat' dir='ltr'><strong>quam</strong></span> <span class='ocrx_word' id='word_1_9' title='bbox 663 576 725 626; x_wconf 91' lang='lat' dir='ltr'><strong>mihi</strong></span> <span class='ocrx_word' id='word_1_10' title='bbox 734 591 778 641; x_wconf 84' lang='lat' dir='ltr'><strong>per</strong></span> <span class='ocrx_word' id='word_1_11' title='bbox 791 575 917 626; x_wconf 80' lang='lat' dir='ltr'><strong>silentium</strong></span> 
     </span>
     <span class='ocr_line' id='line_1_3' title="bbox 241 663 1022 730; baseline 0 -16"><span class='ocrx_word' id='word_1_12' title='bbox 241 667 376 729; x_wconf 75' lang='lat' dir='ltr'><strong>Nunquam</strong></span> <span class='ocrx_word' id='word_1_13' title='bbox 386 677 459 727; x_wconf 75' lang='lat' dir='ltr'><strong>agere</strong></span> <span class='ocrx_word' id='word_1_14' title='bbox 469 664 565 714; x_wconf 77' lang='lat' dir='ltr'><strong>licinum</strong></span> <span class='ocrx_word' id='word_1_15' title='bbox 576 673 614 716; x_wconf 82' lang='lat' dir='ltr'><strong>eet</strong></span> <span class='ocrx_word' id='word_1_16' title='bbox 623 687 632 729; x_wconf 82' lang='lat'>3</span> <span class='ocrx_word' id='word_1_17' title='bbox 648 666 683 716; x_wconf 89' lang='lat' dir='ltr'><strong>ita</strong></span> <span class='ocrx_word' id='word_1_18' title='bbox 693 681 749 716; x_wconf 87' lang='lat' dir='ltr'><strong>eam</strong></span> <span class='ocrx_word' id='word_1_19' title='bbox 757 665 877 730; x_wconf 80' lang='lat' dir='ltr'><strong>oppressit</strong></span> <span class='ocrx_word' id='word_1_20' title='bbox 887 663 1022 716; x_wconf 76' lang='lat' dir='ltr'><strong>calamitae.</strong></span> 
     </span>
     <span class='ocr_line' id='line_1_4' title="bbox 240 753 746 818; baseline 0.004 -14"><span class='ocrx_word' id='word_1_21' title='bbox 240 757 304 805; x_wconf 79' lang='lat' dir='ltr'><strong>Eam</strong></span> <span class='ocrx_word' id='word_1_22' title='bbox 314 753 478 804; x_wconf 74' lang='lat' dir='ltr'><strong>calamitatem</strong></span> <span class='ocrx_word' id='word_1_23' title='bbox 489 762 573 804; x_wconf 72' lang='lat' dir='ltr'><strong>vostra</strong></span> <span class='ocrx_word' id='word_1_24' title='bbox 582 754 746 818; x_wconf 71' lang='lat' dir='ltr'><strong>intelligentia</strong></span> 
     </span>
    </p>

    <p class='ocr_par' dir='ltr' id='par_1_3' title="bbox 242 842 809 904">
     <span class='ocr_line' id='line_1_5' title="bbox 242 842 809 904; baseline -0.005 -10"><span class='ocrx_word' id='word_1_25' title='bbox 242 843 353 904; x_wconf 77' lang='lat' dir='ltr'><strong>sedabit,</strong></span> <span class='ocrx_word' id='word_1_26' title='bbox 364 843 386 892; x_wconf 82' lang='lat' dir='ltr'><strong>ei</strong></span> <span class='ocrx_word' id='word_1_27' title='bbox 396 842 445 892; x_wconf 88' lang='lat' dir='ltr'><strong>erit</strong></span> <span class='ocrx_word' id='word_1_28' title='bbox 454 843 563 904; x_wconf 69' lang='lat' dir='ltr'><strong>adlatur</strong></span> <span class='ocrx_word' id='word_1_29' title='bbox 573 851 665 894; x_wconf 74' lang='lat' dir='ltr'><strong>norme</strong></span> <span class='ocrx_word' id='word_1_30' title='bbox 674 843 809 894; x_wconf 73' lang='lat' dir='ltr'><strong>industrie.</strong></span> 
     </span>
    </p>

    <p class='ocr_par' dir='ltr' id='par_1_4' title="bbox 242 929 900 1088">
     <span class='ocr_line' id='line_1_6' title="bbox 243 929 900 998; baseline 0.003 -16"><span class='ocrx_word' id='word_1_31' title='bbox 243 935 325 989; x_wconf 85' lang='lat' dir='ltr'><strong>Quum</strong></span> <span class='ocrx_word' id='word_1_32' title='bbox 337 933 444 997; x_wconf 88' lang='lat' dir='ltr'><strong>primum</strong></span> <span class='ocrx_word' id='word_1_33' title='bbox 456 947 511 983; x_wconf 84' lang='lat' dir='ltr'><strong>eum</strong></span> <span class='ocrx_word' id='word_1_34' title='bbox 521 947 593 996; x_wconf 81' lang='lat' dir='ltr'><strong>agere</strong></span> <span class='ocrx_word' id='word_1_35' title='bbox 604 933 679 997; x_wconf 86' lang='lat' dir='ltr'><strong>coepi,</strong></span> <span class='ocrx_word' id='word_1_36' title='bbox 689 929 800 998; x_wconf 82' lang='lat' dir='ltr'><strong>pugilum</strong></span> <span class='ocrx_word' id='word_1_37' title='bbox 811 933 900 998; x_wconf 77' lang='lat' dir='ltr'><strong>gloria,</strong></span> 
     </span>
     <span class='ocr_line' id='line_1_7' title="bbox 242 1021 772 1088; baseline -0.002 -15"><span class='ocrx_word' id='word_1_38' title='bbox 242 1021 391 1073; x_wconf 85' lang='lat' dir='ltr'><strong>Funambuli</strong></span> <span class='ocrx_word' id='word_1_39' title='bbox 401 1022 489 1073; x_wconf 87' lang='lat' dir='ltr'><strong>eodem</strong></span> <span class='ocrx_word' id='word_1_40' title='bbox 499 1022 601 1074; x_wconf 77' lang='lat' dir='ltr'><strong>accessit</strong></span> <span class='ocrx_word' id='word_1_41' title='bbox 610 1023 772 1088; x_wconf 78' lang='lat' dir='ltr'><strong>exspectatio,</strong></span> 
     </span>
    </p>

    <p class='ocr_par' dir='ltr' id='par_1_5' title="bbox 242 1101 916 1264">
     <span class='ocr_line' id='line_1_8' title="bbox 243 1101 916 1184; baseline -0.004 -21"><span class='ocrx_word' id='word_1_42' title='bbox 243 1111 369 1163; x_wconf 77' lang='lat' dir='ltr'><strong>Gouritm</strong></span> <span class='ocrx_word' id='word_1_43' title='bbox 379 1101 523 1173; x_wconf 81' lang='lat' dir='ltr'><strong>conventu,</strong></span> <span class='ocrx_word' id='word_1_44' title='bbox 534 1111 660 1175; x_wconf 83' lang='lat' dir='ltr'><strong>strepitus,</strong></span> <span class='ocrx_word' id='word_1_45' title='bbox 671 1113 766 1184; x_wconf 83' lang='lat' dir='ltr'><strong>clamor</strong></span> <span class='ocrx_word' id='word_1_46' title='bbox 774 1111 916 1173; x_wconf 87' lang='lat' dir='ltr'><strong>mulierum,</strong></span> 
     </span>
     <span class='ocr_line' id='line_1_9' title="bbox 242 1199 744 1264; baseline -0.004 -14"><span class='ocrx_word' id='word_1_47' title='bbox 242 1202 342 1262; x_wconf 78' lang='lat' dir='ltr'><strong>Fecere,</strong></span> <span class='ocrx_word' id='word_1_48' title='bbox 353 1207 382 1250; x_wconf 91' lang='lat' dir='ltr'><strong>ut</strong></span> <span class='ocrx_word' id='word_1_49' title='bbox 391 1208 449 1250; x_wconf 88' lang='lat' dir='ltr'><strong>ante</strong></span> <span class='ocrx_word' id='word_1_50' title='bbox 459 1209 555 1264; x_wconf 70' lang='lat' dir='ltr'><strong>tempus</strong></span> <span class='ocrx_word' id='word_1_51' title='bbox 565 1199 659 1250; x_wconf 86' lang='lat' dir='ltr'><strong>exirem</strong></span> <span class='ocrx_word' id='word_1_52' title='bbox 670 1201 744 1251; x_wconf 79' lang='lat' dir='ltr'><strong>forae.</strong></span> 
     </span>
    </p>

    <p class='ocr_par' dir='ltr' id='par_1_6' title="bbox 241 1283 760 1354">
     <span class='ocr_line' id='line_1_10' title="bbox 241 1283 760 1354; baseline -0.004 -12"><span class='ocrx_word' id='word_1_53' title='bbox 241 1293 330 1344; x_wconf 84' lang='lat' dir='ltr'><strong>Vetere</strong></span> <span class='ocrx_word' id='word_1_54' title='bbox 340 1291 367 1341; x_wconf 90' lang='lat' dir='ltr'><strong>in</strong></span> <span class='ocrx_word' id='word_1_55' title='bbox 378 1305 442 1341; x_wconf 84' lang='lat' dir='ltr'><strong>nora</strong></span> <span class='ocrx_word' id='word_1_56' title='bbox 451 1291 514 1354; x_wconf 77' lang='lat' dir='ltr'><strong>coepi</strong></span> <span class='ocrx_word' id='word_1_57' title='bbox 525 1291 562 1340; x_wconf 86' lang='lat' dir='ltr'><strong>uti</strong></span> <span class='ocrx_word' id='word_1_58' title='bbox 572 1283 760 1352; x_wconf 83' lang='lat' dir='ltr'><strong>consuetudine,</strong></span> 
     </span>
    </p>

    <p class='ocr_par' dir='ltr' id='par_1_7' title="bbox 243 1379 781 1444">
     <span class='ocr_line' id='line_1_11' title="bbox 243 1379 781 1444; baseline 0.004 -16"><span class='ocrx_word' id='word_1_59' title='bbox 243 1381 272 1429; x_wconf 92' lang='lat' dir='ltr'><strong>ln</strong></span> <span class='ocrx_word' id='word_1_60' title='bbox 282 1379 434 1444; x_wconf 84' lang='lat' dir='ltr'><strong>experiundo</strong></span> <span class='ocrx_word' id='word_1_61' title='bbox 444 1387 473 1429; x_wconf 91' lang='lat' dir='ltr'><strong>ut</strong></span> <span class='ocrx_word' id='word_1_62' title='bbox 483 1394 562 1430; x_wconf 75' lang='lat' dir='ltr'><strong>essem</strong></span> <span class='ocrx_word' id='word_1_63' title='bbox 573 1399 579 1429; x_wconf 83' lang='grc' dir='ltr'>ι</span> <span class='ocrx_word' id='word_1_64' title='bbox 596 1380 680 1430; x_wconf 74' lang='lat' dir='ltr'><strong>refero</strong></span> <span class='ocrx_word' id='word_1_65' title='bbox 691 1381 781 1431; x_wconf 88' lang='lat' dir='ltr'><strong>denuo.</strong></span> 
     </span>
    </p>

    <p class='ocr_par' dir='ltr' id='par_1_8' title="bbox 241 1468 879 1712">
     <span class='ocr_line' id='line_1_12' title="bbox 242 1468 879 1532; baseline -0.003 -12"><span class='ocrx_word' id='word_1_66' title='bbox 242 1470 327 1520; x_wconf 85' lang='lat' dir='ltr'><strong>Primo</strong></span> <span class='ocrx_word' id='word_1_67' title='bbox 339 1477 396 1519; x_wconf 76' lang='lat' dir='ltr'><strong>actu</strong></span> <span class='ocrx_word' id='word_1_68' title='bbox 404 1469 506 1532; x_wconf 83' lang='lat' dir='ltr'><strong>placeo:</strong></span> <span class='ocrx_word' id='word_1_69' title='bbox 524 1483 600 1531; x_wconf 91' lang='lat' dir='ltr'><strong>quum</strong></span> <span class='ocrx_word' id='word_1_70' title='bbox 610 1469 706 1519; x_wconf 85' lang='lat' dir='ltr'><strong>interea</strong></span> <span class='ocrx_word' id='word_1_71' title='bbox 715 1483 801 1518; x_wconf 81' lang='lat' dir='ltr'><strong>rnmm</strong></span> <span class='ocrx_word' id='word_1_72' title='bbox 810 1468 879 1519; x_wconf 84' lang='lat' dir='ltr'><strong>veuit</strong></span> 
     </span>
     <span class='ocr_line' id='line_1_13' title="bbox 241 1557 797 1623; baseline 0.004 -14"><span class='ocrx_word' id='word_1_73' title='bbox 241 1561 334 1609; x_wconf 74' lang='lat' dir='ltr'><strong>Datum</strong></span> <span class='ocrx_word' id='word_1_74' title='bbox 344 1557 376 1607; x_wconf 87' lang='lat' dir='ltr'><strong>iri</strong></span> <span class='ocrx_word' id='word_1_75' title='bbox 386 1558 544 1620; x_wconf 74' lang='lat' dir='ltr'><strong>gladiatores,</strong></span> <span class='ocrx_word' id='word_1_76' title='bbox 553 1559 659 1623; x_wconf 74' lang='lat' dir='ltr'><strong>populus</strong></span> <span class='ocrx_word' id='word_1_77' title='bbox 669 1561 797 1612; x_wconf 64' lang='lat' dir='ltr'><strong>convoluti</strong></span> 
     </span>
     <span class='ocr_line' id='line_1_14' title="bbox 241 1648 811 1712; baseline 0.004 -16"><span class='ocrx_word' id='word_1_78' title='bbox 241 1649 447 1708; x_wconf 84' lang='lat' dir='ltr'><strong>Tumultuantur,</strong></span> <span class='ocrx_word' id='word_1_79' title='bbox 457 1650 574 1711; x_wconf 85' lang='lat' dir='ltr'><strong>clamant,</strong></span> <span class='ocrx_word' id='word_1_80' title='bbox 585 1657 696 1712; x_wconf 79' lang='lat' dir='ltr'><strong>puguant</strong></span> <span class='ocrx_word' id='word_1_81' title='bbox 706 1648 736 1698; x_wconf 87' lang='lat' dir='ltr'><strong>de</strong></span> <span class='ocrx_word' id='word_1_82' title='bbox 747 1649 811 1698; x_wconf 86' lang='lat' dir='ltr'><strong>loco.</strong></span> 
     </span>
    </p>

    <p class='ocr_par' dir='ltr' id='par_1_9' title="bbox 242 1736 822 1801">
     <span class='ocr_line' id='line_1_15' title="bbox 242 1736 822 1801; baseline -0.002 -15"><span class='ocrx_word' id='word_1_83' title='bbox 242 1737 297 1798; x_wconf 79' lang='lat' dir='ltr'><strong>Ego</strong></span> <span class='ocrx_word' id='word_1_84' title='bbox 305 1736 400 1788; x_wconf 86' lang='lat' dir='ltr'><strong>interea</strong></span> <span class='ocrx_word' id='word_1_85' title='bbox 410 1753 494 1788; x_wconf 89' lang='lat' dir='ltr'><strong>meum</strong></span> <span class='ocrx_word' id='word_1_86' title='bbox 504 1754 555 1788; x_wconf 90' lang='lat' dir='ltr'><strong>non</strong></span> <span class='ocrx_word' id='word_1_87' title='bbox 565 1737 634 1801; x_wconf 85' lang='lat' dir='ltr'><strong>potui</strong></span> <span class='ocrx_word' id='word_1_88' title='bbox 645 1737 720 1786; x_wconf 85' lang='lat' dir='ltr'><strong>tutari</strong></span> <span class='ocrx_word' id='word_1_89' title='bbox 730 1738 822 1786; x_wconf 89' lang='lat' dir='ltr'><strong>locum.</strong></span> 
     </span>
    </p>

    <p class='ocr_par' dir='ltr' id='par_1_10' title="bbox 240 1825 871 2059">
     <span class='ocr_line' id='line_1_16' title="bbox 241 1825 871 1878; baseline -0.002 -3"><span class='ocrx_word' id='word_1_90' title='bbox 241 1828 316 1876; x_wconf 89' lang='lat' dir='ltr'><strong>Nunc</strong></span> <span class='ocrx_word' id='word_1_91' title='bbox 325 1828 398 1877; x_wconf 88' lang='lat' dir='ltr'><strong>turba</strong></span> <span class='ocrx_word' id='word_1_92' title='bbox 407 1828 478 1877; x_wconf 87' lang='lat' dir='ltr'><strong>nulla</strong></span> <span class='ocrx_word' id='word_1_93' title='bbox 488 1836 526 1878; x_wconf 86' lang='lat' dir='ltr'><strong>eat</strong></span> <span class='ocrx_word' id='word_1_94' title='bbox 536 1849 542 1877; x_wconf 73' lang='grc' dir='ltr'>ι</span> <span class='ocrx_word' id='word_1_95' title='bbox 560 1826 639 1877; x_wconf 87' lang='lat' dir='ltr'><strong>otium</strong></span> <span class='ocrx_word' id='word_1_96' title='bbox 649 1835 675 1876; x_wconf 88' lang='lat' dir='ltr'><strong>et</strong></span> <span class='ocrx_word' id='word_1_97' title='bbox 684 1825 810 1876; x_wconf 79' lang='lat' dir='ltr'><strong>silentium</strong></span> <span class='ocrx_word' id='word_1_98' title='bbox 819 1834 871 1876; x_wconf 76' lang='lat' dir='ltr'><strong>est:</strong></span> 
     </span>
     <span class='ocr_line' id='line_1_17' title="bbox 241 1915 849 1980; baseline 0.007 -15"><span class='ocrx_word' id='word_1_99' title='bbox 241 1915 338 1977; x_wconf 75' lang='lat' dir='ltr'><strong>Agendi</strong></span> <span class='ocrx_word' id='word_1_100' title='bbox 348 1924 445 1980; x_wconf 81' lang='lat' dir='ltr'><strong>tempus</strong></span> <span class='ocrx_word' id='word_1_101' title='bbox 455 1917 517 1967; x_wconf 87' lang='lat' dir='ltr'><strong>mihi</strong></span> <span class='ocrx_word' id='word_1_102' title='bbox 528 1916 612 1967; x_wconf 70' lang='lat' dir='ltr'><strong>datium</strong></span> <span class='ocrx_word' id='word_1_103' title='bbox 625 1924 662 1965; x_wconf 77' lang='lat' dir='ltr'><strong>eut</strong></span> <span class='ocrx_word' id='word_1_104' title='bbox 673 1936 679 1966; x_wconf 71' lang='grc' dir='ltr'>ι</span> <span class='ocrx_word' id='word_1_105' title='bbox 697 1916 765 1965; x_wconf 83' lang='lat' dir='ltr'><strong>vobis</strong></span> <span class='ocrx_word' id='word_1_106' title='bbox 778 1916 849 1969; x_wconf 81' lang='lat' dir='ltr'><strong>datur</strong></span> 
     </span>
     <span class='ocr_line' id='line_1_18' title="bbox 240 2007 752 2059; baseline 0 -3"><span class='ocrx_word' id='word_1_107' title='bbox 240 2008 352 2056; x_wconf 66' lang='lat' dir='ltr'><strong>Pometaa</strong></span> <span class='ocrx_word' id='word_1_108' title='bbox 362 2007 542 2059; x_wconf 84' lang='lat' dir='ltr'><strong>condecorandi</strong></span> <span class='ocrx_word' id='word_1_109' title='bbox 551 2008 624 2059; x_wconf 77' lang='lat' dir='ltr'><strong>ludos</strong></span> <span class='ocrx_word' id='word_1_110' title='bbox 636 2008 752 2059; x_wconf 82' lang='lat' dir='ltr'><strong>scenicos.</strong></span> 
     </span>
    </p>

    <p class='ocr_par' dir='ltr' id='par_1_11' title="bbox 240 2094 745 2159">
     <span class='ocr_line' id='line_1_19' title="bbox 240 2094 745 2159; baseline 0.008 -16"><span class='ocrx_word' id='word_1_111' title='bbox 240 2094 325 2145; x_wconf 89' lang='lat' dir='ltr'><strong>Nolite</strong></span> <span class='ocrx_word' id='word_1_112' title='bbox 336 2095 417 2145; x_wconf 77' lang='lat' dir='ltr'><strong>sinere</strong></span> <span class='ocrx_word' id='word_1_113' title='bbox 427 2111 471 2159; x_wconf 88' lang='lat' dir='ltr'><strong>per</strong></span> <span class='ocrx_word' id='word_1_114' title='bbox 481 2112 525 2147; x_wconf 80' lang='lat' dir='ltr'><strong>voe</strong></span> <span class='ocrx_word' id='word_1_115' title='bbox 536 2105 615 2147; x_wconf 81' lang='lat' dir='ltr'><strong>artem</strong></span> <span class='ocrx_word' id='word_1_116' title='bbox 627 2096 745 2147; x_wconf 76' lang='lat' dir='ltr'><strong>musicam</strong></span> 
     </span>
    </p>

    <p class='ocr_par' dir='ltr' id='par_1_12' title="bbox 239 2184 894 2339">
     <span class='ocr_line' id='line_1_20' title="bbox 239 2184 894 2249; baseline 0.006 -16"><span class='ocrx_word' id='word_1_117' title='bbox 239 2184 356 2234; x_wconf 81' lang='lat' dir='ltr'><strong>Recidere</strong></span> <span class='ocrx_word' id='word_1_118' title='bbox 366 2185 399 2235; x_wconf 82' lang='lat' dir='ltr'><strong>ad</strong></span> <span class='ocrx_word' id='word_1_119' title='bbox 409 2200 499 2249; x_wconf 78' lang='lat' dir='ltr'><strong>paucos</strong></span> <span class='ocrx_word' id='word_1_120' title='bbox 511 2207 516 2235; x_wconf 75' lang='grc' dir='ltr'>ι</span> <span class='ocrx_word' id='word_1_121' title='bbox 535 2187 619 2248; x_wconf 81' lang='lat' dir='ltr'><strong>tacite,</strong></span> <span class='ocrx_word' id='word_1_122' title='bbox 630 2196 659 2237; x_wconf 82' lang='lat' dir='ltr'><strong>ut</strong></span> <span class='ocrx_word' id='word_1_123' title='bbox 668 2194 751 2237; x_wconf 79' lang='lat' dir='ltr'><strong>vostra</strong></span> <span class='ocrx_word' id='word_1_124' title='bbox 761 2186 894 2237; x_wconf 73' lang='lat' dir='ltr'><strong>auctoritas</strong></span> 
     </span>
     <span class='ocr_line' id='line_1_21' title="bbox 239 2274 772 2339; baseline 0.008 -16"><span class='ocrx_word' id='word_1_125' title='bbox 239 2276 304 2323; x_wconf 82' lang='lat' dir='ltr'><strong>Mee</strong></span> <span class='ocrx_word' id='word_1_126' title='bbox 314 2274 453 2325; x_wconf 80' lang='lat' dir='ltr'><strong>auctoritati</strong></span> <span class='ocrx_word' id='word_1_127' title='bbox 464 2276 557 2325; x_wconf 82' lang='lat' dir='ltr'><strong>fanmix</strong></span> <span class='ocrx_word' id='word_1_128' title='bbox 565 2276 721 2339; x_wconf 72' lang='lat' dir='ltr'><strong>adiutrixque</strong></span> <span class='ocrx_word' id='word_1_129' title='bbox 733 2275 772 2327; x_wconf 75' lang='lat' dir='ltr'><strong>sit</strong></span> 
     </span>
    </p>

    <p class='ocr_par' dir='ltr' id='par_1_13' title="bbox 237 2362 950 2599">
     <span class='ocr_line' id='line_1_22' title="bbox 239 2362 836 2437; baseline 0.007 -24"><span class='ocrx_word' id='word_1_130' title='bbox 239 2362 267 2413; x_wconf 88' lang='lat' dir='ltr'><strong>Si</strong></span> <span class='ocrx_word' id='word_1_131' title='bbox 278 2378 404 2437; x_wconf 76' lang='lat' dir='ltr'><strong>nunquam</strong></span> <span class='ocrx_word' id='word_1_132' title='bbox 414 2378 486 2418; x_wconf 84' lang='lat' dir='ltr'><strong>arare</strong></span> <span class='ocrx_word' id='word_1_133' title='bbox 494 2365 602 2428; x_wconf 85' lang='lat' dir='ltr'><strong>pretium</strong></span> <span class='ocrx_word' id='word_1_134' title='bbox 612 2364 686 2415; x_wconf 83' lang='lat' dir='ltr'><strong>statui</strong></span> <span class='ocrx_word' id='word_1_135' title='bbox 698 2364 745 2415; x_wconf 85' lang='lat' dir='ltr'><strong>arti</strong></span> <span class='ocrx_word' id='word_1_136' title='bbox 756 2380 836 2429; x_wconf 77' lang='lat' dir='ltr'><strong>mea3</strong></span> 
     </span>
     <span class='ocr_line' id='line_1_23' title="bbox 237 2454 950 2517; baseline 0.003 -14"><span class='ocrx_word' id='word_1_137' title='bbox 237 2456 338 2505; x_wconf 85' lang='lat' dir='ltr'><strong>Etcum</strong></span> <span class='ocrx_word' id='word_1_138' title='bbox 348 2468 403 2505; x_wconf 78' lang='lat' dir='ltr'><strong>esse</strong></span> <span class='ocrx_word' id='word_1_139' title='bbox 414 2463 534 2517; x_wconf 76' lang='lat' dir='ltr'><strong>questum</strong></span> <span class='ocrx_word' id='word_1_140' title='bbox 542 2456 568 2505; x_wconf 89' lang='lat' dir='ltr'><strong>in</strong></span> <span class='ocrx_word' id='word_1_141' title='bbox 579 2454 690 2505; x_wconf 85' lang='lat' dir='ltr'><strong>animum</strong></span> <span class='ocrx_word' id='word_1_142' title='bbox 698 2454 784 2505; x_wconf 84' lang='lat' dir='ltr'><strong>induxi</strong></span> <span class='ocrx_word' id='word_1_143' title='bbox 796 2469 950 2517; x_wconf 85' lang='lat' dir='ltr'><strong>maxumum,</strong></span> 
     </span>
     <span class='ocr_line' id='line_1_24' title="bbox 238 2542 806 2599; baseline 0 -6"><span class='ocrx_word' id='word_1_144' title='bbox 238 2546 320 2599; x_wconf 80' lang='lat' dir='ltr'><strong>Quam</strong></span> <span class='ocrx_word' id='word_1_145' title='bbox 330 2557 446 2593; x_wconf 86' lang='lat' dir='ltr'><strong>maxume</strong></span> <span class='ocrx_word' id='word_1_146' title='bbox 457 2542 549 2592; x_wconf 72' lang='lat' dir='ltr'><strong>uenire</strong></span> <span class='ocrx_word' id='word_1_147' title='bbox 559 2543 647 2593; x_wconf 76' lang='lat' dir='ltr'><strong>vostris</strong></span> <span class='ocrx_word' id='word_1_148' title='bbox 655 2544 806 2593; x_wconf 81' lang='lat' dir='ltr'><strong>commodis:</strong></span> 
     </span>
    </p>

    <p class='ocr_par' dir='ltr' id='par_1_14' title="bbox 236 2628 901 2961">
     <span class='ocr_line' id='line_1_25' title="bbox 238 2628 818 2696; baseline 0 -13"><span class='ocrx_word' id='word_1_149' title='bbox 238 2632 319 2683; x_wconf 80' lang='lat' dir='ltr'><strong>Sinite</strong></span> <span class='ocrx_word' id='word_1_150' title='bbox 328 2630 461 2696; x_wconf 78' lang='lat' dir='ltr'><strong>impetrare</strong></span> <span class='ocrx_word' id='word_1_151' title='bbox 472 2646 522 2693; x_wconf 80' lang='lat' dir='ltr'><strong>me,</strong></span> <span class='ocrx_word' id='word_1_152' title='bbox 533 2631 576 2694; x_wconf 81' lang='lat' dir='ltr'><strong>qui</strong></span> <span class='ocrx_word' id='word_1_153' title='bbox 586 2628 613 2681; x_wconf 82' lang='lat' dir='ltr'><strong>in</strong></span> <span class='ocrx_word' id='word_1_154' title='bbox 624 2634 727 2682; x_wconf 79' lang='lat' dir='ltr'><strong>tutelam</strong></span> <span class='ocrx_word' id='word_1_155' title='bbox 738 2647 818 2683; x_wconf 80' lang='lat' dir='ltr'><strong>meam</strong></span> 
     </span>
     <span class='ocr_line' id='line_1_26' title="bbox 237 2721 901 2783; baseline -0.002 -11"><span class='ocrx_word' id='word_1_156' title='bbox 237 2721 351 2772; x_wconf 74' lang='lat' dir='ltr'><strong>sudium</strong></span> <span class='ocrx_word' id='word_1_157' title='bbox 361 2736 444 2783; x_wconf 77' lang='lat' dir='ltr'><strong>suum,</strong></span> <span class='ocrx_word' id='word_1_158' title='bbox 455 2728 481 2771; x_wconf 86' lang='lat' dir='ltr'><strong>et</strong></span> <span class='ocrx_word' id='word_1_159' title='bbox 490 2735 516 2772; x_wconf 79' lang='lat' dir='ltr'><strong>ee</strong></span> <span class='ocrx_word' id='word_1_160' title='bbox 527 2722 553 2770; x_wconf 90' lang='lat' dir='ltr'><strong>in</strong></span> <span class='ocrx_word' id='word_1_161' title='bbox 564 2727 671 2771; x_wconf 76' lang='lat' dir='ltr'><strong>vostram</strong></span> <span class='ocrx_word' id='word_1_162' title='bbox 682 2722 807 2771; x_wconf 81' lang='lat' dir='ltr'><strong>commisit</strong></span> <span class='ocrx_word' id='word_1_163' title='bbox 817 2722 901 2783; x_wconf 84' lang='lat' dir='ltr'><strong>fidem,</strong></span> 
     </span>
     <span class='ocr_line' id='line_1_27' title="bbox 237 2808 865 2872; baseline 0 -13"><span class='ocrx_word' id='word_1_164' title='bbox 237 2812 276 2859; x_wconf 89' lang='lat' dir='ltr'><strong>Ne</strong></span> <span class='ocrx_word' id='word_1_165' title='bbox 285 2823 342 2859; x_wconf 88' lang='lat' dir='ltr'><strong>eum</strong></span> <span class='ocrx_word' id='word_1_166' title='bbox 351 2808 546 2859; x_wconf 76' lang='lat' dir='ltr'><strong>circumventum</strong></span> <span class='ocrx_word' id='word_1_167' title='bbox 554 2808 641 2871; x_wconf 90' lang='lat' dir='ltr'><strong>inique</strong></span> <span class='ocrx_word' id='word_1_168' title='bbox 650 2808 727 2872; x_wconf 90' lang='lat' dir='ltr'><strong>iniqui</strong></span> <span class='ocrx_word' id='word_1_169' title='bbox 736 2809 865 2859; x_wconf 82' lang='lat' dir='ltr'><strong>irrideant.</strong></span> 
     </span>
     <span class='ocr_line' id='line_1_28' title="bbox 236 2897 860 2961; baseline 0.002 -15"><span class='ocrx_word' id='word_1_170' title='bbox 236 2900 295 2947; x_wconf 81' lang='lat' dir='ltr'><strong>Mea</strong></span> <span class='ocrx_word' id='word_1_171' title='bbox 302 2913 377 2948; x_wconf 79' lang='lat' dir='ltr'><strong>cauea</strong></span> <span class='ocrx_word' id='word_1_172' title='bbox 385 2912 483 2948; x_wconf 78' lang='lat' dir='ltr'><strong>caueam</strong></span> <span class='ocrx_word' id='word_1_173' title='bbox 494 2897 607 2961; x_wconf 83' lang='lat' dir='ltr'><strong>accipite,</strong></span> <span class='ocrx_word' id='word_1_174' title='bbox 614 2906 640 2955; x_wconf 81' lang='lat' dir='ltr'><strong>et</strong></span> <span class='ocrx_word' id='word_1_175' title='bbox 648 2897 703 2947; x_wconf 83' lang='lat' dir='ltr'><strong>dete</strong></span> <span class='ocrx_word' id='word_1_176' title='bbox 715 2898 841 2947; x_wconf 81' lang='lat' dir='ltr'><strong>silentium</strong></span> <span class='ocrx_word' id='word_1_177' title='bbox 851 2917 860 2961; x_wconf 77' lang='lat' dir='ltr'><strong>l</strong></span> 
     </span>
    </p>

    <p class='ocr_par' dir='ltr' id='par_1_15' title="bbox 238 2985 817 3053">
     <span class='ocr_line' id='line_1_29' title="bbox 238 2985 817 3053; baseline 0 -16"><span class='ocrx_word' id='word_1_178' title='bbox 238 2988 272 3037; x_wconf 89' lang='lat' dir='ltr'><strong>Ut</strong></span> <span class='ocrx_word' id='word_1_179' title='bbox 282 2987 366 3035; x_wconf 84' lang='lat' dir='ltr'><strong>lubeat</strong></span> <span class='ocrx_word' id='word_1_180' title='bbox 376 2986 482 3037; x_wconf 78' lang='lat' dir='ltr'><strong>scribere</strong></span> <span class='ocrx_word' id='word_1_181' title='bbox 491 2986 556 3048; x_wconf 80' lang='lat' dir='ltr'><strong>aliie,</strong></span> <span class='ocrx_word' id='word_1_182' title='bbox 567 2985 677 3053; x_wconf 75' lang='lat' dir='ltr'><strong>mihique</strong></span> <span class='ocrx_word' id='word_1_183' title='bbox 687 2995 714 3036; x_wconf 89' lang='lat' dir='ltr'><strong>ut</strong></span> <span class='ocrx_word' id='word_1_184' title='bbox 724 2986 817 3037; x_wconf 82' lang='lat' dir='ltr'><strong>discere</strong></span> 
     </span>
    </p>
   </div>
   <div class='ocr_carea' id='block_1_3' title="bbox 237 3074 822 3145">
    <p class='ocr_par' dir='ltr' id='par_1_16' title="bbox 237 3074 822 3145">
     <span class='ocr_line' id='line_1_30' title="bbox 237 3074 822 3145; baseline -0.002 -20"><span class='ocrx_word' id='word_1_185' title='bbox 237 3077 320 3125; x_wconf 78' lang='lat' dir='ltr'><strong>Novas</strong></span> <span class='ocrx_word' id='word_1_186' title='bbox 331 3074 455 3140; x_wconf 84' lang='lat' dir='ltr'><strong>expediat,</strong></span> <span class='ocrx_word' id='word_1_187' title='bbox 467 3076 567 3139; x_wconf 76' lang='lat' dir='ltr'><strong>posthac</strong></span> <span class='ocrx_word' id='word_1_188' title='bbox 577 3074 657 3145; x_wconf 73' lang='lat' dir='ltr'><strong>pretio</strong></span> <span class='ocrx_word' id='word_1_189' title='bbox 669 3082 747 3125; x_wconf 70' lang='lat' dir='ltr'><strong>emtas</strong></span> <span class='ocrx_word' id='word_1_190' title='bbox 758 3089 822 3125; x_wconf 89' lang='lat' dir='ltr'><strong>meo.</strong></span> 
     </span>
    </p>
   </div>
   <div class='ocr_carea' id='block_1_4' title="bbox 0 0 1234 3800">
    <p class='ocr_par' dir='ltr' id='par_1_17' title="bbox 0 0 1234 3800">
     <span class='ocr_line' id='line_1_31' title="bbox 0 0 1234 3800; baseline 0 1"><span class='ocrx_word' id='word_1_191' title='bbox 0 0 1234 3800; x_wconf 95' lang='lat' dir='ltr'><strong> </strong></span> 
     </span>
    </p>
   </div>
  </div>
 </body>
</html>
