2459 3800
251 500 299 547 ³28
441 502 469 549 P.
486 502 647 551 TERENTH
664 503 831 561 Phormio..

257 642 416 694 Commodius
428 659 480 695 esse
492 645 580 710 opinor
591 647 684 711 duplici
694 663 736 712 spe
746 647 818 698 utier.

256 736 340 783 Petam
351 735 420 795 hinc,
433 736 497 785 unde
508 751 523 785 a
535 738 616 800 primo
628 738 724 788 institui
735 758 741 786 ι
759 737 781 787 is
792 737 815 787 si
825 737 878 798 dat,
889 746 929 788 rat
939 747 996 789 ert:

257 823 284 872 Si
296 826 327 873 ab
338 824 385 873 hoc
397 824 461 877 nihil
472 826 524 887 fiet,
533 834 587 875 tum
598 828 664 877 hunc
675 828 773 877 adoriar
784 827 916 892 hospitem.

471 1059 582 1109 AC'FUS
601 1060 643 1109 lv.
671 1060 781 1109 SCENA
799 1061 844 1109 ΙΙΙ.

365 1174 497 1223 Aurrruo.
531 1176 611 1223 (iuri.
647 1177 784 1225 curuum.
817 1176 955 1224 Dssurrrro.

259 1273 407 1333 Enimuero,
418 1286 490 1338 quam
503 1289 562 1325 mox
575 1274 676 1337 recipiat
686 1290 741 1324 rere
750 1274 822 1325 Geni

260 1362 309 1413 Sed
320 1371 433 1426 patruum
445 1364 516 1413 video
527 1380 583 1414 cum
595 1372 664 1427 putre
674 1366 827 1417 adstantem:
846 1364 888 1415 hei
900 1364 973 1423 mihi,
1077 1352 1079 1356 ¹

260 1455 341 1508 Quam
353 1453 439 1514 timeo,
451 1455 568 1505 adventus
580 1455 654 1515 hujns
664 1470 714 1517 quo
725 1454 836 1517 impellat
845 1461 940 1517 patrem
948 1457 959 1505 i

263 1544 307 1591 Ge.
324 1542 404 1593 Adibo
417 1544 499 1593 hosce.
512 1545 535 1593 Ο
548 1552 634 1593 noster.
643 1544 771 1593 Chremen.
806 1544 849 1591 Ch.
866 1543 948 1602 Salve,
959 1543 1031 1592 Geta.

265 1632 307 1680 Ge.
329 1632 420 1681 Venire
443 1632 535 1681 salvom
557 1633 686 1695 volupe'oh
728 1629 773 1680 'Oh
799 1631 888 1681 Crodo'·
932 1632 975 1680 Ge.
998 1630 1064 1685 Quid

325 1720 428 1782 agitur?
848 1783 851 1787 A

263 1811 307 1858 oh.
325 1810 407 1859 Multa
417 1809 566 1868 advenienti,
576 1816 604 1858 ut
615 1810 654 1868 rit,
664 1822 728 1857 nova
735 1808 776 1857 hic
786 1809 930 1871 compluria„

265 1900 308 1948 Ge.
327 1901 379 1947 ira:
393 1897 423 1948 de
435 1898 577 1962 Antiphone
595 1898 711 1947 nudi-rhin'
723 1901 869 1961 qurofacta?
907 1901 950 1948 Ch.
967 1900 1070 1950 Omnia.

265 1989 308 2036 Ge.
325 1988 390 2036 Tun’
402 1987 500 2036 dixeras
512 1987 587 2035 huic?
607 1987 702 2035 facinus
715 1989 853 2049 indignum,
867 1989 983 2048 Chreme,

230 2057 234 2066 ’
262 2075 302 2124 Sic
314 2075 447 2124 circumiri.
479 2078 526 2124 De.
545 2075 573 2123 ld
584 2091 641 2124 cum
652 2076 700 2124 hoc
711 2079 811 2137 agebam
822 2077 988 2126 commodum.

265 2164 308 2211 Ge.
326 2166 390 2212 Nam
400 2165 482 2212 hercle
491 2179 536 2224 ego
550 2179 647 2226 quoque
657 2164 682 2213 id
692 2164 787 2226 agitans
799 2181 895 2214 mecum
903 2167 1000 2227 sedulo,

263 2253 359 2313 Inveni,
370 2253 468 2316 opinor,
483 2254 620 2304 remedium
632 2254 690 2303 huic
703 2255 747 2303 roi.
781 2258 829 2304 De.
847 2255 923 2315 Quid,
935 2257 1019 2305 Genu?
1051 2319 1057 2330 Δ

264 2343 337 2397 Quod
349 2343 486 2392 remedium
498 2347 508 2392 ἓ
547 2345 589 2392 Ge.
607 2346 643 2394 Ut
655 2344 704 2393 obii
712 2345 755 2393 abs
766 2352 801 2404 te,
815 2345 844 2394 fit
853 2346 917 2394 forte
928 2345 1024 2394 obvium

264 2430 329 2480 Mihi
347 2431 473 2480 Phormio.
513 2433 555 2480 Oh.
581 2432 631 2486 Qui
652 2433 786 2481 Phormio?
822 2436 866 2482 Ge.
883 2434 907 2481 ir
924 2433 967 2495 qui
984 2433 1066 2482 istoru.

331 2521 374 2568 Ch.
392 2520 457 2570 Scio.

265 2612 308 2659 Ge.
325 2609 411 2659 Visum
421 2617 459 2659 ert
469 2609 540 2669 mihi,
550 2619 578 2658 ut
585 2613 637 2672 eju·
650 2618 769 2660 teutorem
779 2613 940 2662 sententium:

266 2698 363 2746 Prendo
375 2698 499 2746 hominem
508 2699 590 2747 solum
603 2720 608 2748 ι
629 2700 680 2748 Cur
692 2713 754 2758 nou,
765 2699 876 2762 inquam,
889 2701 1019 2761 Phormio,

263 2787 348 2849 Vides,
360 2787 478 2836 intervos
489 2787 524 2836 sic
535 2789 587 2836 haec
596 2788 677 2851 potino
689 2803 746 2839 cnm
756 2791 822 2840 bona

266 2877 301 2925 Ut
312 2886 491 2939 componantur
499 2878 587 2938 gratia,
599 2891 671 2940 quam
684 2893 740 2927 cum
750 2880 835 2930 mala?

265 2967 346 3012 Herus
358 2964 465 3015 liberalis
476 2973 524 3027 ert,
536 2974 562 3015 eh
569 2967 676 3028 fugitans
686 2967 782 3018 litium:

266 3056 331 3102 Nam
344 3056 425 3105 caeteri
435 3056 533 3118 quidem
547 3057 630 3106 hercle
641 3057 713 3108 amici
725 3071 811 3108 omnor
823 3057 897 3108 modo

268 3145 290 3189 U
293 3157 325 3190 no
336 3158 379 3192 ore
390 3152 500 3194 auctores
513 3146 592 3207 fuere,
605 3155 632 3195 ut
643 3148 791 3210 praeeipitem
803 3149 867 3198 hanc
877 3149 955 3199 daret.
1056 3195 1061 3200 .
