2459 3800
425 1131 755 1212 ADELPHI.

498 1323 669 1336 *-

428 1521 542 1572 ACTUS
559 1524 579 1570 1.
612 1522 723 1572 scENA
741 1524 760 1571 1.

550 1683 645 1732 Mrcro.

117 1863 123 1871 ,
194 1817 309 1866 Sroux!
327 1832 377 1867 non
388 1818 461 1868 rediit
472 1819 519 1868 hac
530 1828 604 1869 nocte
614 1833 630 1870 a
640 1835 710 1870 coena
721 1819 868 1871 AEschlnus?

193 1908 278 1969 Neque
288 1909 441 1957 servolorum
449 1908 589 1972 quisquam,
602 1910 645 1972 qui
656 1910 787 1960 advorsum
798 1910 898 1961 ierant?

194 1996 307 2045 Profecto
318 1983 365 2045 hec
377 2011 435 2046 vere
447 1997 542 2060 dieunt,
555 1998 575 2047 si
586 1998 651 2048 absIs
664 2000 772 2063 tremam,

193 2083 243 2133 Aut
253 2083 295 2133 ubi
307 2085 328 2133 si
339 2100 428 2146 cesses,
441 2087 538 2135 evenire
548 2101 578 2135 ea
593 2088 670 2137 satius
681 2096 729 2150 est,

194 2174 255 2228 Quae
266 2173 292 2221 in
304 2182 328 2223 te
339 2189 404 2223 uxor
417 2171 488 2235 dicim
497 2184 523 2224 et
534 2192 588 2236 quae
597 2176 625 2224 in
636 2178 720 2226 animo
732 2176 824 2239 cogitat

193 2262 269 2323 Irata,
281 2277 355 2325 quem
367 2263 420 2324 illa,
432 2279 486 2326 quae
497 2272 611 2327 parentes
623 2266 734 2328 propitii.

194 2352 277 2411 Uxor,
290 2351 311 2399 si
321 2365 410 2412 cesses,
423 2360 465 2400 aut
476 2360 500 2401 te
513 2367 596 2401 amare
607 2354 717 2415 eogitat‚'

194 2441 245 2489 Aut
255 2447 304 2489 tete
313 2441 401 2502 amari,
410 2449 454 2490 aut
463 2449 558 2504 potare,
568 2449 612 2490 aut
623 2442 706 2491 animo
718 2441 835 2505 obsequi:

194 2531 227 2579 Et
236 2529 283 2578 tibi
294 2532 357 2579 bene
368 2546 421 2580 esse
433 2531 492 2592 soli,
504 2547 579 2594 quum
592 2533 639 2582 sibi
651 2532 684 2583 sit
696 2534 768 2582 male.

194 2619 258 2679 Ego,
269 2619 327 2681 quie
338 2634 388 2668 non
401 2620 475 2668 rediit
482 2620 558 2681 filius,
570 2636 624 2683 quae
636 2621 732 2682 cogito!

195 2709 228 2757 Et
238 2707 326 2769 quibus
337 2724 402 2758 nunc
413 2710 535 2759 sollicitor
548 2712 621 2759 rebus
633 2714 638 2759 ἱ
661 2726 692 2760 ne
702 2718 746 2760 aut
755 2708 798 2759 ille
808 2708 901 2770 alaerit,

195 2798 247 2846 Aut
257 2798 354 2861 uspiam
364 2799 487 2860 ceciderit,
499 2809 543 2849 aut
559 2783 707 2863 perfregerit

194 2885 304 2947 Aliquid.
320 2888 389 2935 Vah!
416 2902 595 2951 quemquamne
607 2889 736 2938 hominem
755 2889 781 2938 in
800 2888 910 2940 animum
932 2886 1005 2938 insti·

263 2983 343 3035 tuere,
354 2984 397 3024 aut

201 3064 303 3125 Parare,
315 3064 382 3126 quod
393 3063 426 3113 sit
435 3064 528 3124 carius,
542 3079 615 3127 quam
625 3063 677 3127 ipse
688 3072 726 3113 est
736 3063 782 3114 sibi
793 3068 804 3114 ἓ

204 3151 280 3213 Atqui
292 3166 324 3201 ex
337 3167 376 3202 me
386 3152 426 3202 hic
438 3168 488 3202 uon
500 3138 576 3202 natus
583 3160 631 3215 est,
640 3154 684 3203 sed
695 3168 726 3203 ex
739 3155 814 3205 fratre
828 3174 834 3206 ε
853 3154 874 3204 is
885 3156 946 3205 adeo
