2459 3800
248 477 294 525 126
523 476 712 528 PROLOGUS.

244 615 330 666 Licere
339 614 365 664 id
376 616 467 677 faeere,
479 617 546 679 quod
558 617 595 666 illi
607 610 728 677 fecerunt,
740 624 817 680 putat,

244 707 310 754 Tum
322 705 388 767 quod
400 707 535 756 malevolus
545 714 615 756 vetue
627 707 703 755 Poeta
715 705 827 768 dictitat3

244 795 353 857 Repente
361 793 392 842 ad
403 794 512 843 studium
523 795 590 843 huuc
599 808 626 844 ee
636 794 768 858 applicasse
778 793 911 854 musicum,

244 883 359 932 Amicum
370 883 468 944 iugenio
479 884 581 944 fretum,
592 885 654 933 haut
664 891 753 933 natura
763 897 822 933 rua:

243 972 382 1034 Arbitrium
392 979 512 1033 vestrum,
524 981 606 1022 veetra
616 973 775 1022 existumatio

243 1060 354 1109 Valebit:
372 1062 531 1123 quamobrem
542 1075 630 1110 omues
639 1075 683 1110 voe
695 1069 777 1111 oratos
786 1063 854 1121 volo,

244 1149 283 1195 Ne
294 1147 349 1210 plur
361 1148 473 1210 iniquum
484 1149 571 1211 possit,
583 1163 656 1211 quam
668 1165 767 1212 aequum
779 1150 868 1200 oratio.

245 1235 326 1285 Facite
336 1237 399 1298 requi
410 1236 479 1286 aitis:
499 1237 555 1286 date
566 1238 692 1287 crescendi
704 1239 812 1302 copiam,

243 1326 369 1374 Novarum
380 1325 423 1387 qui
434 1326 558 1388 spectandi
571 1326 664 1376 faciunt
674 1327 780 1390 copiam,

245 1413 305 1464 Sine
314 1414 381 1463 vitiis
392 1436 397 1464 ι
417 1429 449 1463 ne
461 1415 503 1463 ille
512 1429 558 1478 pro
569 1430 596 1464 ae
607 1415 699 1466 dictum
710 1417 853 1478 existumet,

244 1503 294 1559 Qui
305 1518 383 1567 nuper
393 1504 452 1554 iecit
462 1519 532 1554 terro
543 1505 653 1555 currenti
664 1505 691 1554 in
701 1506 741 1555 via
765 1556 768 1561 .

243 1596 348 1643 Deeeeee
359 1596 493 1658 populum:
510 1610 556 1643 cur
567 1595 656 1644 insano
667 1595 777 1646 serviat?

245 1685 282 1731 De
293 1682 360 1731 illiue
371 1682 476 1745 peccatis
487 1685 560 1746 plura
568 1683 644 1744 dicet,
656 1699 732 1746 quum
744 1683 814 1733 dabit

243 1771 314 1820 Alias
324 1786 411 1832 novae,
422 1771 470 1822 ulai
481 1773 554 1820 finem
565 1773 703 1822 maledictis
714 1773 780 1823 fauit.

242 1860 334 1911 Adeste
344 1875 414 1924 nequo
424 1861 508 1911 animo
518 1881 524 1911 z
542 1861 599 1912 date
609 1869 754 1925 potestatem
765 1861 827 1913 mihi

244 1949 376 2000 Statariam
387 1964 458 2012 agere
469 1958 498 1999 ut
507 1950 581 1999 liceat
591 1966 636 2014 per
649 1952 773 2001 silentium
783 1973 791 2015 3

243 2042 283 2088 Ne
293 2052 390 2101 temper
400 2053 483 2088 servor
494 2054 608 2101 currens,
620 2040 696 2090 iratur
708 2055 794 2101 senex,

242 2127 312 2177 Edax
324 2128 456 2189 parasitus,
467 2129 616 2192 sycophanta
626 2136 709 2179 autem
718 2129 858 2193 impudens,

242 2218 338 2266 Avarus
348 2219 417 2278 leno,
429 2218 526 2267 areidae
537 2219 624 2281 agendi
635 2218 685 2269 sint
695 2218 768 2279 mihi,

243 2306 358 2355 Clamore
369 2320 477 2367 summo,
488 2321 546 2355 cum
557 2308 642 2356 labore
653 2320 779 2357 maxumo.

192 2445 195 2450 ⁴
240 2395 299 2443 Mea
308 2408 382 2443 cauea
392 2409 490 2445 causam
501 2396 665 2457 hancjuatam
676 2410 730 2447 ease
741 2395 851 2445 animum
862 2395 969 2447 inducite
980 2416 985 2447 =

243 2485 279 2533 Ut
289 2482 371 2545 aliqua
381 2498 438 2547 pare
450 2485 541 2533 laboris
552 2486 679 2535 minuatur
690 2485 761 2535 mihi.

243 2574 308 2621 Nam
320 2588 386 2622 nune
397 2588 473 2623 nevar
484 2575 527 2636 qui
537 2575 659 2636 scribunt,
672 2576 735 2625 nihil
744 2583 849 2639 parcunt
859 2574 912 2625 aeui
923 2596 929 2626 ι

240 2662 268 2712 Si
280 2678 333 2724 quie
343 2663 467 2712 laboriosa
476 2670 525 2723 eet,
536 2663 567 2712 ad
578 2679 618 2713 me
628 2664 751 2716 curritur:

240 2750 286 2801 Sin
296 2750 358 2800 lenia
369 2759 417 2812 eet,
428 2752 460 2801 ad
471 2752 547 2800 alium
556 2752 667 2802 defertur
678 2768 785 2815 gregem.

240 2841 268 2888 lu
280 2841 326 2889 hac
337 2849 375 2890 eet
385 2855 446 2904 pura
456 2842 543 2891 oratio.
559 2842 724 2905 Experimini,

240 2931 270 2980 ln
281 2937 514 2993 utramquepartem
524 2930 651 2992 ingenium
662 2930 721 2993 quid
731 2931 810 2994 possit
821 2946 912 2981 meum.

240 3018 267 3069 Si
278 3033 403 3081 nunquam
414 3034 486 3071 arare
496 3021 602 3086 pretium
615 3022 691 3078 statui
702 3022 749 3072 arti
760 3036 831 3083 meae,
