2459 3800
248 465 296 516 roe
469 470 497 517 P.
513 449 673 518 runnunn
691 467 835 518 uncum.

248 610 297 656 Bo.
315 604 377 661 Quin
398 605 424 656 id
445 606 497 657 ein?
542 610 589 656 La.
607 607 707 658 Socrue.
746 609 796 655 Be.
813 608 908 655 Mene?
954 608 1060 668 hadre

312 694 388 758 ipsam
398 715 404 744 :
423 704 450 745 et
461 695 539 744 filiam
549 695 654 744 abduxit
664 709 749 744 suam:

249 786 403 845 Puerumque
413 786 446 834 ob
462 798 516 834 eam
529 799 581 833 rem
591 785 656 834 olem
667 783 756 844 voluit,
768 791 841 833 natue
859 782 902 845 qui
913 789 961 844 eet,
972 783 1056 832 utin-

345 887 394 922 ere.

248 964 297 1010 Bo.
313 887 390 1012 Ἑίιιά
410 963 431 1012 si
449 963 547 1024 scirem,
568 965 610 1025 qui
627 965 728 1014 firmare
739 977 821 1012 meam
832 962 897 1027 epod
906 977 949 1012 voe
958 975 1056 1025 possem

313 1050 397 1111 fidem,
823 1079 827 1084 ·

248 1137 360 1188 Sanctius
369 1153 442 1201 quom
449 1139 635 1201 jusjurandum,
646 1140 670 1189 id
683 1140 812 1204 pollicerer
820 1140 877 1200 tibi,
888 1141 979 1200 leche,

250 1229 293 1277 Me
305 1237 456 1290 segregatum
471 1229 596 1290 habuisse,
608 1242 712 1278 uxorem
724 1229 846 1290 deduxit,
863 1243 928 1278 eme
939 1229 1057 1292 Pamphi·

313 1317 374 1366 lum.
546 1361 548 1368 .

249 1407 297 1456 Lu.
314 1405 405 1468 Lepida
415 1420 456 1456 ee:
474 1406 518 1455 sed
536 1405 597 1454 sein’
615 1406 675 1468 quid
692 1407 749 1455 volo
764 1406 845 1470 potine
862 1406 933 1456 mee
948 1407 1050 1456 iacies?

314 1497 363 1543 Ba.
380 1494 511 1550 Quidvis?
530 1495 599 1544 cedo.

251 1586 299 1632 Lo.
314 1584 363 1632 Eae
373 1582 405 1632 ed
417 1583 531 1634 mulieres
548 1583 596 1633 huc
616 1583 694 1645 intro,
714 1592 787 1646 etque
804 1584 868 1634 letne
881 1582 1055 1645 junior-endum

315 1671 380 1722 idem

252 1759 385 1810 Polliceare
400 1760 467 1810 illis:
485 1763 557 1824 euple
570 1761 728 1822 animulis,
740 1769 813 1824 teque
830 1763 878 1812 hoc
889 1761 991 1812 erimine
1009 1775 1055 1810 ex-

314 1849 378 1912 peu.
1066 1847 1070 1854 ’

251 1939 299 1985 Bo.
316 1937 438 1992 Fociumz,
447 1938 512 2002 quod
522 1940 575 2001 pol,
594 1940 616 1989 ei
632 1948 697 1989 eeoet
711 1939 761 1989 alia
777 1953 809 1989 ex
819 1940 867 1989 hoc
879 1947 983 2002 questo,
993 1940 1056 1989 hant

316 2025 417 2084 feoeret,
428 2025 495 2088 seio;

252 2114 287 2163 Ut
295 2112 325 2161 de
336 2112 381 2161 teli
392 2126 464 2162 cause
474 2122 556 2176 nuptm
567 2114 665 2165 mulieri
675 2131 702 2165 oe
713 2116 861 2165 ostenderet·

171 2218 174 2223 ·
251 2200 299 2251 Sed
311 2201 370 2250 nolo
378 2202 441 2250 falsa
451 2202 517 2258 fama
526 2217 579 2253 esse
590 2211 690 2265 gnatum
702 2213 839 2269 suspectum
851 2213 940 2265 tnnm3

251 2291 303 2339 Nee
314 2289 431 2339 leviorem
443 2291 520 2352 vobis,
528 2293 614 2354 quibus
626 2301 664 2343 est
675 2294 785 2344 minume
793 2305 900 2355 equom,
910 2292 1015 2343 viderier

252 2378 395 2429 Immerito:
414 2394 471 2429 nam
484 2381 585 2430 meritus
596 2383 627 2432 de
645 2397 685 2431 me
704 2390 751 2443 eet,
772 2383 838 2445 quod
856 2396 954 2446 queam,
968 2382 1007 2431 illi
1028 2390 1055 2431 ut

316 2468 479 2519 commodem.

251 2561 299 2607 Lu.
316 2558 433 2619 Facilem,
443 2559 638 2621 benevolumque
649 2560 733 2621 lingua
744 2567 787 2609 tua
795 2562 848 2621 jam
863 2559 908 2609 tibi
921 2575 961 2609 me
972 2559 1054 2610 reddi·

313 2644 365 2694 dit:
926 2644 928 2649 ¹

251 2735 316 2782 Nem
327 2747 377 2782 non
389 2740 447 2781 sunt
456 2734 516 2783 eoloe
534 2734 657 2785 arbitrale
666 2736 722 2785 lue:
740 2743 785 2799 ego
803 2750 902 2799 quoque
913 2737 988 2787 etiem
998 2753 1055 2787 ore·

313 2820 373 2869 didi.

250 2911 323 2958 Nune
334 2925 408 2972 quum
419 2925 464 2974 ego
480 2918 505 2960 oe
516 2925 570 2961 esse
581 2920 671 2975 praeter
690 2921 802 2963 nostram
822 2912 965 2976 opinionem
984 2927 1054 2964 eom·

313 2999 366 3061 peri
375 3019 384 3061 3

250 3087 298 3136 Fae
308 3087 393 3137 eedem
404 3093 432 3137 ut
443 3087 476 3139 eis
486 3103 561 3151 porro
570 3110 585 3139 ι.
595 3096 681 3139 nostre
690 3096 759 3139 unere
769 3087 888 3151 amicitie,
899 3096 928 3139 ut
939 3089 1013 3139 eolee.
