2459 3800
389 477 518 535 ‚Adrus
535 479 568 529 11.
600 479 711 533 scENA
728 482 749 532 1;
926 485 974 536 255

164 615 195 673 ln
205 613 340 678 eodemque
348 629 435 666 ornnes
442 616 504 666 mihi
513 617 626 668 ridentur
635 617 695 671 ludo
706 618 785 671 donne
793 619 970 674 edmniitiam:

164 704 196 754 Ei
207 705 278 766 iudo,
289 705 310 756 si
317 707 384 756 ullus
394 715 443 769 est,
454 707 595 770 magistram
606 710 671 758 hane
683 723 736 759 esse
747 709 806 760 setis
817 719 885 762 oerno
895 713 955 764 scio.

164 797 205 844 So.
221 797 264 846 Me
275 796 402 859 miseram,
414 813 468 860 qun
479 811 556 860 nunc,
567 801 728 862 quemobrem
740 815 851 864 accuser,
868 803 969 854 neseio!

231 887 290 935 Lm·
299 888 380 936 Hem!

162 977 204 1024 'liu
215 976 315 1026 nescis?
351 980 392 1027 So.
409 979 478 1039 Non,
492 978 528 1028 ine
539 993 579 1028 me
591 980 623 1030 Di
634 989 728 1042 ament,
740 982 775 1032 mi
786 983 897 1035 Laches:

163 1065 250 1129 ltaque
265 1079 316 1116 nnn
331 1066 395 1116 inter
414 1082 460 1118 nos
477 1083 548 1131 agere
558 1078 655 1122 aetstem
674 1073 756 1124 liceat.
789 1076 839 1124 La.
855 1075 888 1125 Di
905 1076 971 1126 mela

172 1201 176 1212 ,
230 1155 389 1227 prohibeant!
440 1221 443 1225 γ
503 1202 507 1209 .
579 1219 582 1224 ,

165 1248 206 1296 So.
222 1249 312 1310 Meque
331 1249 374 1298 abs
385 1256 410 1298 te
425 1249 549 1300 immerito
568 1265 623 1302 esse
643 1263 793 1317 accusatam,
813 1257 969 1319 postmodum

231 1336 356 1387 rescisces-
387 1339 436 1387 La.
453 1339 527 1392 Scio:

163 1427 201 1475 'l'e
211 1425 354 1478 immerito?
373 1442 406 1477 nn
417 1428 547 1493 quicquam
557 1445 603 1498 pro
614 1429 669 1482 istis
680 1431 751 1482 fantis
762 1432 865 1495 dignum
885 1442 910 1484 ne
921 1434 970 1484 dici

231 1518 334 1578 potest?

167 1605 228 1659 Quae
238 1618 288 1666 me,
298 1612 325 1654 et
335 1612 371 1666 te,
380 1613 406 1654 et
416 1605 535 1656 familiam
546 1607 678 1658 dedecores
689 1628 695 1658 ι
715 1609 768 1658 filio
779 1611 873 1658 luctum
885 1625 972 1674 peres:

165 1695 232 1752 Tum
241 1702 335 1757 autem,
345 1711 378 1746 ex
387 1695 472 1746 amicis
482 1696 577 1746 inimici
586 1705 614 1746 ut
626 1696 675 1748 sint
687 1698 757 1748 nobis
769 1701 866 1760 afflues,
875 1698 954 1764 feeis3

168 1784 218 1840 Qui
229 1784 300 1834 illum
316 1786 448 1838 deeremnt
463 1787 576 1848 dignum,
589 1801 651 1837 suos
672 1788 711 1837 eui
732 1787 823 1852 liberos
835 1789 974 1839 committe·

197 1908 201 1913 =
233 1881 289 1925 rent
299 1877 314 1934 i,
707 1921 709 1926 .

165 1966 206 2015 'Pu
216 1967 270 2015 sola
279 1981 393 2029 exorere,
404 1982 458 2029 quae
468 1969 596 2031 perturbes
607 1968 672 2029 haec,
681 1976 724 2019 tus
734 1968 897 2033 impudentis.

168 2056 210 2105 So.
226 2056 332 2117 Egone?
366 2058 414 2105 La.
431 2057 481 2116 in,
492 2056 604 2120 inquam,
620 2058 721 2119 mulier,
741 2073 795 2121 que
812 2073 852 2109 me
871 2058 975 2109 omnino

233 2146 351 2209 lapidem,
359 2147 411 2195 non
418 2146 547 2195 hominem
557 2154 637 2210 putas.

168 2236 210 2285 An
221 2234 278 2299 quis
288 2234 341 2283 ruri
350 2235 438 2283 crebro
448 2248 501 2284 esse
513 2236 593 2296 soleo,
604 2235 698 2285 nescire
706 2236 861 2286 arbitramini

169 2325 227 2384 Quo
237 2324 341 2388 quisque
350 2332 423 2387 paeto
433 2323 475 2376 hic
483 2324 559 2373 vitam
569 2332 710 2375 vostrorum
722 2325 805 2387 exigat
816 2328 826 2374 i

167 2415 252 2465 Multo
262 2413 352 2464 melius
362 2414 403 2463 hic
422 2428 476 2477 quae
498 2414 572 2475 finnt,
590 2428 664 2477 qnam
684 2413 735 2463 illic
751 2414 792 2463 ubi
803 2428 858 2465 sum
869 2414 976 2477 assidue,

172 2557 175 2564 ¹
231 2503 299 2553 scio:
476 2553 479 2558 ⁴
547 2550 552 2556 .
689 2560 691 2565 .

169 2592 228 2643 ideo
239 2594 307 2657 quia,
327 2600 356 2642 ut
373 2607 417 2643 vos
427 2592 490 2642 mihi
501 2590 569 2642 domi
586 2590 667 2653 eritis,
686 2590 790 2655 proinde
800 2605 846 2654 ego
857 2605 900 2641 ero
912 2593 978 2641 sama

234 2682 306 2733 foris.

170 2772 324 2836 Jampridem
335 2770 448 2836 equidem
458 2770 540 2821 andivi
546 2770 640 2834 cepisse
649 2768 732 2821 odium
741 2768 778 2818 tui
790 2768 961 2818 Philumenam
972 2787 978 2821 ι

172 2860 326 2924 Minimeque
337 2860 400 2910 sdeo
411 2858 521 2910 mimm:
539 2867 575 2921 et,
595 2858 622 2909 ni
638 2858 664 2908 id
675 2857 783 2920 fecisset,
801 2858 879 2920 magis
889 2858 978 2908 mirum

235 2949 310 3000 foret.

171 3035 220 3089 Sed
237 3050 290 3105 nou
306 3038 400 3104 credidi
412 3038 484 3099 adeo,
505 3045 534 3091 nt
554 3038 628 3091 etiam
647 3045 724 3089 totam
744 3038 809 3087 hanc
826 3037 918 3088 odisset
934 3038 981 3089 dn-

238 3138 307 3173 mum
317 3146 324 3176 ι
