2459 3800
248 459 280 506 50
469 459 498 506 P.
514 457 675 512 TERENTH
692 456 832 510 ANDRIA.

247 595 384 649 Quemnam
395 593 436 643 hie
451 594 551 651 laudat?
586 597 653 644 Dan.
671 591 760 645 Omnis
774 566 815 643 res
824 600 863 642 cst
876 593 930 653 jam
940 588 966 639 in
979 588 1053 639 rado.

310 685 346 732 Si.
363 682 560 746 Cessonlloqui?

247 773 313 820 Dan.
330 772 412 820 Herus
433 779 487 820 est:
505 771 565 833 quid
584 773 690 832 agam?
712 774 747 820 Si.
775 771 798 820 0
819 770 895 829 salve,
906 769 971 817 boue
993 765 1066 815 viri.
1147 810 1150 813 ,

311 861 378 908 Dan.
395 859 474 919 Ehem
486 859 574 909 Simo!
593 859 616 910 0
628 866 712 909 nosoer
724 859 847 910 Chreme!

250 945 342 996 Omnia
351 954 467 1009 apparata
475 948 527 1007 jam
540 954 598 996 sunt
608 947 684 996 intus.
717 948 753 996 Si.
771 944 869 996 cmasn
880 945 965 1007 probe.

247 1036 314 1086 Dav.
331 1035 381 1095 Ubi
398 1036 476 1096 veles,
493 1049 596 1088 arcesse.
630 1037 665 1084 Si.
681 1036 751 1084 Bene
766 1049 845 1084 sane:
870 1033 897 1083 id
912 1032 1053 1083 enimvero

309 1125 368 1176 hine
379 1141 446 1176 nune
455 1128 532 1176 abest.
702 1126 706 1132 ’

246 1209 329 1268 Etiam
339 1221 368 1262 tu
378 1214 426 1264 hnc
436 1213 589 1278 respondes?
609 1214 675 1270 Quid
684 1213 740 1265 istie
749 1214 795 1264 tibi
805 1211 948 1276 negetii'ss?
982 1213 1052 1260 Duc.

312 1301 427 1350 Mihin'?

248 1391 284 1438 Si.
302 1392 348 1440 lte.
382 1393 447 1441 Dav.
463 1390 585 1440 Mririne?
621 1391 658 1442 Si.
673 1390 731 1440 ‘libi
741 1405 810 1452 ergo.
828 1391 908 1438 ῶτιν.
924 1386 1052 1438 Modoin·

312 1477 379 1528 noii.
412 1481 448 1528 si.
465 1478 541 1534 Quasi
551 1493 607 1541 ego,
620 1479 805 1542 quamdudum,
816 1491 909 1542 rogem.
1013 1521 1018 1528 .

249 1567 316 1614 Dan.
334 1566 396 1614 Cum
405 1573 449 1615 tuo
461 1572 534 1628 gnato
544 1581 599 1632 una)
633 1569 669 1616 Si.
684 1568 758 1616 Anne
764 1574 803 1615 est
812 1564 879 1616 inuis
888 1562 1049 1626 Pamphilus?

312 1651 409 1701 crucior
417 1653 500 1708 miser.
926 1719 928 1723 Ι

249 1740 315 1799 Eho,
327 1754 377 1789 non
386 1748 414 1789 tu
426 1740 488 1814 dixti
499 1755 553 1790 csse
564 1740 630 1790 inter
639 1755 683 1790 eos
693 1737 846 1817 inimicitias,
857 1739 976 1790 carnnfex
989 1740 999 1787 ?

246 1829 314 1876 Dan.
337 1828 408 1886 Suus
441 1830 477 1878 Si.
496 1830 546 1878 Cur
568 1828 642 1890 igitur
661 1827 704 1882 hie
720 1831 778 1878 est?
825 1829 868 1878 Cir·
891 1827 956 1882 Quid
977 1826 1050 1876 illum

312 1918 415 1964 censes?
434 1930 490 1964 cum
500 1916 544 1965 illa
554 1917 641 1979 litigat.

248 2002 314 2049 Dav.
332 2002 411 2059 Immo
423 2016 480 2053 vero
492 2002 631 2067 indignum,
643 2005 773 2067 Chremes,
781 2007 834 2067 iam
845 2005 940 2056 facinus
949 2005 1007 2055 faxo
1018 2017 1050 2055 ex

313 2102 353 2136 me
363 2088 455 2138 audies.

249 2175 340 2224 Nescio
350 2177 406 2238 quis
416 2192 492 2227 senex
502 2179 577 2227 modo
588 2179 668 2229 venit:
685 2181 773 2241 ellum,
780 2180 919 2246 confidens,
929 2188 997 2231 estus
1007 2199 1015 2231 r
1105 2224 1108 2229 .

250 2264 313 2311 cum
325 2262 413 2313 faciem
424 2264 516 2325 videas,
527 2265 624 2315 videtur
633 2281 687 2315 esse
695 2267 816 2329 quantivis
826 2267 908 2331 pretii.

249 2348 338 2399 Tristis
349 2352 464 2402 severitas
476 2352 541 2402 inest
552 2352 577 2402 in
589 2356 668 2415 voltu,
680 2362 752 2417 aeque
764 2354 790 2404 in
802 2356 883 2403 verbis
894 2355 963 2404 fides.
1068 2420 1071 2425 ,

250 2439 286 2487 Si.
303 2438 428 2493 Quidnam
446 2444 579 2503 apportas?
598 2444 665 2492 Dan.
691 2441 761 2491 Nihil
778 2442 901 2505 equidem,
918 2427 967 2491 nisi
985 2440 1051 2507 qnod

312 2526 385 2576 illum
396 2528 477 2577 audiri
487 2529 576 2578 dicere.

249 2616 285 2664 Si.
303 2614 368 2669 Quid
390 2616 425 2666 ait
446 2616 565 2667 tandem?
601 2618 668 2666 Dus.
684 2618 825 2681 Glycerium
842 2632 869 2667 se
890 2616 953 2667 scire
969 2616 1048 2667 civem

217 2696 219 2701 '
313 2719 365 2754 esse
376 2706 491 2755 Atticam.

249 2793 285 2839 Si.
302 2792 377 2853 Hem,
390 2794 495 2853 Dromo,
515 2794 616 2842 Dromo.
649 2796 699 2843 Dr.
716 2793 782 2847 Quid
797 2796 856 2843 est?
883 2796 928 2843 Si.
944 2794 1051 2845 Dromo.

315 2874 381 2932 Dav.
397 2882 471 2933 Audi.
487 2887 523 2934 Ss‘.
540 2886 650 2934 Verbum
658 2882 679 2931 si
690 2881 821 2932 addideris.
832 2884 936 2932 Dromo.
974 2874 978 2879 ’

251 2972 317 3019 Dav.
333 2971 400 3019 Audi
410 2973 521 3021 obsecro.
555 2960 603 3020 Dr.
621 2970 753 3025 Quidvis?
779 2972 817 3021 Si.
833 2971 970 3021 Sublimem
982 2970 1050 3019 hunc

317 3058 383 3109 intro
395 3073 461 3123 rape,
474 3068 592 3122 quantum
603 3066 681 3123 petes.
1005 3054 1008 3060 '
