2459 3800
396 469 506 518 ACTUS
525 469 571 517 ΙΙΙ.
591 469 713 526 Ι,ὃΟΕΝΑ
732 471 752 517 1.
918 466 976 516 319.

159 605 224 658 Mihi
233 621 282 657 non
295 605 403 667 videtur,
415 607 482 669 quod
493 607 525 656 sit
536 609 628 656 fectum
641 607 746 669 legibus,

161 695 275 744 Rescindi
287 709 373 758 posse:
392 703 417 744 et
429 706 500 759 turpe
512 697 610 758 inceptu
623 703 668 744 est.
700 697 749 744 De.
765 692 822 754 Dic,
835 691 913 744 Crito.

167 786 218 834 Cri.
236 786 288 846 ugo
300 785 406 850 emplius
415 785 600 849 deliberandum
613 799 717 835 censeo:

164 875 213 922 Res
233 887 321 934 magna
337 881 382 923 est.
399 876 463 933 ,He
481 873 623 936 Numquid
643 888 689 924 nos
703 874 761 923 vis?
798 877 845 924 De.
868 873 969 925 Fecistis

233 963 328 1024 probe:

165 1051 349 1101 Incertiorsum
363 1051 651 1114 multo‚quamdudum.
685 1055 730 1102 Ge.
751 1055 848 1115 Negant
907 1032 918 1050 ⁹

167 1140 276 1191 Redisse.
309 1144 358 1191 De.
376 1144 461 1194 Frater
478 1152 515 1196 est
526 1145 704 1207 exspectandus
716 1145 794 1194 mihi:

167 1231 263 1293 lsquod
271 1230 332 1280 mihi
343 1231 437 1282 dederit
447 1232 478 1281 de
490 1232 535 1280 hac
547 1247 574 1281 re
586 1233 729 1294 consilium,
742 1233 767 1282 id
778 1247 875 1296 sequar.

170 1321 344 1370 Percontatum
355 1320 396 1369 ibo
408 1321 439 1370 ed
450 1329 560 1384 portum,
571 1322 652 1383 quoad
663 1337 690 1371 se
701 1322 810 1385 recipiat

170 1410 212 1458 Ge.
228 1411 263 1457 At
281 1423 326 1470 ego
337 1410 507 1472 Antiphonem
527 1424 654 1472 qnaeram3
673 1419 700 1467 ut
716 1426 771 1473 quae
782 1419 837 1460 acta
853 1412 894 1461 hic
913 1412 973 1473 siut,

234 1498 303 1548 sciat.

172 1587 220 1640 Sed
230 1601 313 1636 eccum
325 1587 405 1650 ipsum
416 1587 486 1637 video
497 1587 523 1635 in
534 1587 702 1650 temporehuc
711 1601 737 1641 se
749 1587 866 1650 recipere.

400 2004 511 2056 ACTUS
530 2007 575 2055 111.
610 2007 720 2055 SCENA
738 2009 758 2056 Ι.

455 2124 587 2172 Anoseno.
626 2125 706 2171 Gnss.

180 2225 335 2285 Eusuvnno,
346 2223 467 2289 Antipho,
479 2226 633 2276 multimodis
643 2241 700 2275 cum
710 2226 772 2275 istoc
783 2226 867 2275 animo
879 2240 905 2277 es
916 2226 980 2275 vitu·

247 2314 370 2377 perandus
381 2336 387 2365 ι

180 2406 251 2454 itane
259 2405 317 2453 hinc
328 2404 417 2465 abisse,
426 2413 451 2454 et
461 2405 535 2455 vitem
545 2413 614 2455 uuam
626 2405 754 2455 tutandam
764 2406 820 2455 aliis
831 2405 947 2455 dedisse?

183 2494 253 2543 Alios
271 2501 337 2542 tuem
351 2508 403 2542 rem
416 2493 542 2543 credidisti
553 2492 641 2555 magis,
661 2507 735 2555 quam
748 2502 807 2552 teto,
828 2492 984 2545 animadver-

250 2585 340 2635 suros?

184 2674 249 2721 Nem
259 2679 326 2720 utut
336 2671 470 2731 etaetatis,
482 2671 520 2720 illi
528 2680 604 2732 certe,
616 2686 670 2733 quae
679 2687 744 2721 nunc
753 2670 798 2720 tibi
806 2671 916 2730 domist,
927 2685 987 2719 con-

251 2760 355 2819 suieres,

186 2852 224 2899 Ne
236 2851 294 2912 quid
305 2856 404 2913 propter
417 2856 485 2898 tuam
497 2848 571 2899 fidem
582 2849 684 2911 decepte
694 2856 817 2911 peteretur
826 2848 897 2909 mali,

186 2940 261 2999 Cujus
281 2952 347 2987 nnnc
365 2937 460 2987 miserae
473 2952 528 2999 spes
546 2950 655 2999 opesque
673 2945 731 2986 sunt
747 2929 811 2985 inte
830 2951 881 2985 uno
900 2950 985 2985 omnes

255 3026 315 3075 sitae.

192 3116 235 3164 Ge.
251 3114 381 3177 Equidem,
398 3116 468 3175 here,
480 3127 526 3163 nos
533 3116 585 3175 jam
595 3114 688 3163 dudum
698 3113 739 3163 hic
751 3122 776 3163 te
786 3115 910 3164 absentem
922 3114 991 3163 incu-

254 3216 347 3264 samus,
358 3202 400 3266 qui
408 3202 505 3253 abieris.
