2459 3800
255 494 305 544 238
467 488 496 536 Ρ.
509 443 671 536 TERENTll
688 482 844 534 ADELPHI.

258 635 339 686 Hodie
347 632 450 698 primam
461 643 596 680 mammam
605 627 674 679 dedit
688 629 748 680 hec.
780 629 829 676 De.
840 625 939 674 diercis
949 637 1008 674 vero
1018 637 1060 673 se·

322 739 371 786 rto,

259 813 396 877 Siquidem
407 809 511 875 prlmam
519 806 603 869 dedit3
614 807 675 856 haut
685 804 798 865 dubium,
807 802 866 865 quin
873 800 954 852 emitti
964 813 1061 863 aquom

322 900 377 951 siet

259 993 307 1041 lili.
325 991 365 1041 Ob
376 1003 430 1038 eam
445 989 520 1036 rem?
555 987 603 1034 De.
621 985 660 1035 Ob
671 997 741 1033 earu:
759 989 884 1047 postremo
897 994 912 1029 a
924 994 962 1028 me
973 987 1070 1050 urgeo-2

325 1087 390 1139 tum,
402 1075 488 1139 quanti
498 1082 545 1136 est,
557 1073 656 1124 sumito.
734 1128 737 1134 ,
968 1130 970 1134 ,

262 1169 305 1229 sy.
321 1167 354 1216 Di
363 1163 419 1225 tibi,
429 1166 530 1223 Demem
541 1177 628 1211 omnes
640 1171 736 1224 semper
747 1158 831 1209 omnia
841 1165 924 1221 optata
931 1157 1045 1206 offerant.

262 1258 309 1305 Mt
325 1256 396 1319 Syre,
406 1252 544 1318 processisti
554 1250 628 1302 nodie
638 1250 749 1313 pulchre.
772 1250 820 1297 De.
833 1246 860 1298 Si
870 1246 968 1309 quidem
979 1257 1066 1308 porro,

329 1341 418 1402 Micio,

262 1435 304 1484 ‘iu
315 1440 387 1482 tuum
397 1429 504 1479 odicium
514 1426 608 1488 facies,
626 1432 698 1487 atque
717 1423 776 1474 huie
795 1423 887 1485 aliquid
904 1422 1004 1486 paulum
1015 1434 1078 1483 prae·

328 1533 404 1569 mauu
560 1512 563 1517 ⁴
842 1501 844 1506 ¹
956 1505 957 1510 ¹

266 1609 381 1669 Dederis,
391 1606 457 1656 uude
463 1613 561 1655 utatur:
580 1603 666 1654 reddet
676 1602 720 1653 tibi
728 1603 785 1652 cito.
818 1603 866 1652 Mi.
883 1603 947 1652 lstoc
958 1600 1038 1650 villus.

266 1700 310 1748 ΛΕ.
327 1696 401 1759 Frugi
411 1697 488 1745 homo
499 1703 543 1744 est
576 1696 618 1755 Sy.
635 1693 746 1742 Reddam
756 1693 850 1754 hercle,
863 1691 895 1740 da
907 1690 990 1740 modo.
1022 1690 1066 1738 Αἰ.

330 1787 482 1849 tremate.
514 1785 561 1834 Mi.
579 1784 784 1834 Postcomulum.
1075 1841 1077 1846 ,

268 1877 316 1926 De.
332 1874 423 1925 Faciet
458 1875 501 1936 Sy.
517 1873 540 1923 0
559 1871 597 1921 vir
612 1874 731 1935 optume!
766 1871 810 1920 AE.
828 1869 851 1922 0
872 1869 907 1920 ml
922 1867 1070 1934 peterreati-

331 1960 447 2010 sisaim!

210 2080 216 2087 ·
269 2052 317 2100 Mi.
333 2050 399 2105 Quid
425 2050 510 2099 istnc?
540 2064 594 2111 oum
614 2064 654 2099 rea
671 2056 722 2099 tam
742 2056 842 2113 repente
863 2062 945 2100 mores
970 2047 1077 2117 mutavit

333 2139 407 2188 tuos?
733 2142 737 2149 ’
973 2186 975 2191 ,
1060 2130 1066 2142 '

270 2225 345 2281 Quod
362 2224 526 2287 prolubium?
545 2240 599 2288 qua
620 2225 687 2275 istaec
709 2225 789 2275 subita
810 2232 847 2275 eat
869 2224 988 2287 largitas?
1009 2202 1075 2275 'De

333 2316 421 2365 Dicam
430 2314 490 2366 tibi:

272 2400 308 2451 Ut
318 2399 345 2449 id
353 2400 518 2461 ostenderem,
531 2399 597 2463 quod
605 2408 630 2449 te
641 2398 682 2449 isti
693 2398 790 2449 facilem
801 2386 826 2449 et
835 2399 949 2449 festivum
959 2407 1057 2463 putant,

239 2518 243 2523 ·
272 2490 301 2538 ld
313 2504 364 2539 nou
375 2488 429 2539 fleri
440 2504 472 2537 ex
483 2502 541 2538 vera
552 2489 611 2550 vita,
623 2502 701 2551 neque
711 2488 773 2537 adeo
784 2476 896 2552 exaequo
907 2497 931 2538 et
942 2468 1024 2540 bono:
1110 2508 1114 2517 ·

273 2578 323 2629 Sed
333 2593 365 2628 ex
376 2578 533 2638 assentando,
545 2577 705 2638 indulgendo,
714 2584 740 2626 et
747 2578 883 2640 largiendo,
894 2578 978 2628 Micio.

273 2670 347 2719 Nunc
357 2667 419 2717 adeo
430 2666 452 2717 si
463 2669 495 2716 ob
506 2680 560 2715 eam
571 2681 625 2715 rem
642 2654 772 2716 vobis'vita
783 2680 838 2717 mea
853 2654 933 2717 invisa
952 2674 999 2729 est,
1017 2667 1076 2719 AEa-

337 2756 421 2817 chine,
1078 2818 1080 2823 Ι

275 2842 340 2898 Quia
348 2858 400 2892 non
409 2845 486 2905 justa,
496 2844 598 2905 injusta,
610 2858 712 2907 prorsus
720 2845 815 2909 omnia,
826 2845 928 2895 omnino
937 2846 1076 2909 obsequor;

228 2928 230 2933 ’
275 2929 353 2979 Missa
364 2929 443 2979 lanio:
466 2931 594 2992 effundite,
606 2932 691 2993 emite,
703 2933 776 2984 facite
786 2935 852 2998 quod
863 2934 931 2985 vobis
942 2936 1019 2985 lubet.

276 3017 325 3067 Sed
336 3017 357 3066 si
368 3018 393 3067 id
405 3019 477 3069 vultis
489 3019 580 3083 potius,
591 3035 645 3083 quae
656 3036 699 3071 vos
709 3030 808 3085 propter
817 3024 1007 3093 adolescentiam

164 3132 172 3147 ·
277 3105 363 3155 Minus
373 3105 470 3170 ridetis,
481 3109 558 3171 magis
570 3109 681 3174 impense
692 3110 790 3175 cupitis,
802 3111 928 3177 consulitis
941 3126 1037 3175 parum,
