2459 3800
400 465 511 515 ACTUS
523 466 552 514 V·
590 464 700 513 SCENA
718 461 760 513 iV.
934 468 980 516 291

177 601 332 653 Perliberalis
351 602 443 652 visa'st.
476 607 549 653 Pam.
566 604 611 653 Dic
630 618 725 653 verum.
766 606 816 652 Bo.
834 606 873 653 lta
891 604 982 653 melli

241 700 335 753 ament,
346 693 481 757 Pamphile.

177 784 249 830 Pom.
265 781 311 830 Dic
324 782 396 843 mihi,
417 783 505 831 harum
519 796 601 831 rerum
618 798 678 831 num
689 781 749 845 quid
760 781 822 831 dixti
831 784 884 844 jam
895 782 980 846 patri?

242 874 290 920 Ba.
308 871 385 920 Nihil.
418 875 489 921 Pom.
507 874 591 935 Neque
603 888 664 936 opus
676 881 721 922 est.

176 962 245 1010 Adeo
257 962 361 1011 mutitor
379 962 459 1025 placet
469 978 520 1012 non
532 964 586 1011 fieri
598 964 646 1011 hoe
656 962 751 1022 itidem,
762 969 790 1009 ut
800 961 826 1009 in
839 960 983 1023 Comoediis,

179 1050 271 1101 Omnia
280 1066 367 1101 omnes
378 1052 421 1101 ubi
436 1052 585 1102 resciscunt:
611 1051 663 1113 hic,
676 1065 737 1114 quos
748 1064 791 1114 par
804 1052 885 1099 iuerat
895 1050 983 1099 rescis-

242 1156 306 1205 cere,
946 1148 950 1156 ’

179 1230 282 1279 Sciunt:
300 1244 361 1291 quos
373 1244 423 1278 nou
435 1237 516 1279 autem
528 1230 658 1290 aequom’st
667 1228 739 1288 scire,
752 1241 830 1288 neque
841 1227 983 1287 resciscent,

243 1332 322 1381 neque
332 1319 421 1389 scient.

178 1409 227 1457 Bo.
245 1409 325 1456 lmmo
335 1406 421 1466 etiam,
430 1405 472 1468 qui
483 1406 530 1454 hoc
540 1404 661 1454 occultari
672 1404 769 1453 facilius
779 1404 873 1465 credas,
886 1405 959 1454 dabo.

179 1494 307 1558 Myrrhina
317 1494 352 1543 ita
365 1494 484 1557 Phidippo
496 1494 568 1554 dixit,
579 1493 736 1554 jurijurando
746 1507 801 1542 meo

179 1586 210 1635 Se
225 1584 298 1633 fidem
310 1581 435 1644 hahuisse,
454 1591 480 1632 et
499 1590 628 1647 propterea
644 1590 668 1631 te
683 1583 730 1632 sibi
741 1591 879 1645 purgatum.
913 1586 984 1632 Pom.

197 1700 204 1713 =
246 1673 401 1737 Optume’stz

181 1765 306 1828 Speroque
316 1763 380 1811 hanc
389 1776 442 1811 rem
454 1775 507 1810 esse
519 1770 663 1811 eventuram
674 1762 745 1812 nobis
756 1778 788 1813 ex
799 1764 928 1813 sententia.

180 1857 240 1903 Por.
259 1854 334 1913 Here,
344 1850 432 1901 licetne
442 1851 503 1901 scire
513 1866 543 1901 ex
553 1858 587 1914 te,
594 1851 669 1902 hodie
678 1852 737 1915 quid
745 1853 778 1902 sit
786 1853 851 1916 quod
859 1853 905 1902 feci
912 1853 987 1903 boni?

181 1947 232 1994 Aut
250 1942 308 2006 quid
327 1941 390 1991 istuc
410 1947 458 2001 est,
477 1939 542 2002 quod
561 1955 604 1991 vos
627 1942 717 2003 agitis?
752 1946 824 1992 Pom.
842 1945 900 1992 Non
921 1942 987 1992 licet.

246 2036 305 2082 Par.
321 2034 417 2081 Tamen
427 2029 538 2094 suspicor
549 2051 555 2080 ε

181 2127 264 2188 Egone
274 2126 341 2173 hunc
353 2124 383 2173 ab
397 2123 464 2172 Orco
477 2124 623 2171 mortuum?
642 2137 691 2185 quo
702 2125 793 2186 pacto?
829 2125 900 2172 Pom.
918 2125 985 2174 Nes·

246 2215 293 2276 cie,
307 2199 439 2274 Parmeno,
524 2205 526 2214 ’

183 2308 309 2360 Quantum
321 2301 394 2352 hodie
405 2301 528 2365 prolueris
543 2301 615 2362 mihi,
633 2310 658 2350 et
676 2317 707 2350 ex
719 2311 810 2364 quanta
819 2317 931 2352 aerumna
941 2318 988 2352 ex-

248 2391 363 2441 traxeris.

183 2485 243 2532 Por.
261 2484 407 2532 lmmovero
419 2479 470 2530 scio
480 2499 488 2543 3
506 2493 586 2541 neque
605 2479 653 2527 hoc
673 2479 815 2543 imprudens
827 2481 881 2531 leci.
914 2485 986 2531 Pom.

246 2575 299 2634 Ego
311 2571 373 2620 istuc
383 2569 442 2620 satis
456 2569 516 2618 scio.

182 2663 242 2711 Por.
259 2664 299 2710 An
311 2665 402 2710 temere
420 2658 550 2721 quicquam
573 2659 754 2706 Parmenonem
772 2666 909 2722 praetereat,
922 2660 987 2721 quod

246 2752 311 2800 facto
325 2763 384 2799 usus
392 2747 442 2798 sit?

182 2844 253 2890 Pam.
270 2839 379 2900 Sequere
390 2851 431 2886 me
447 2835 524 2896 intro,
545 2837 677 2886 Parmeno.
708 2839 769 2885 Pur.
786 2837 898 2898 Sequor:
915 2836 986 2899 equi·

245 2928 301 2977 dem
314 2927 368 2991 plus
378 2925 452 2975 hodie
465 2924 524 2974 boni

180 3016 237 3067 Feci
247 3015 399 3080 imprudens,
416 3027 490 3078 quam
501 3011 580 3062 sciens
591 3019 648 3061 autc
658 3012 725 3062 hunc
735 3011 801 3066 diem
812 3028 931 3078 unquam.
953 3023 984 3063 n.

247 3104 367 3155 Plaudite.
