2459 3800
217 442 261 489 104
407 440 434 487 P.
444 437 605 487 TERENTH
624 436 825 487 EUNUCHUS.

217 581 263 627 Gn.
281 578 345 629 Cave
356 576 407 627 εἰει
426 578 507 627 nescis
525 576 566 626 cui
577 590 643 625 nunc
653 574 786 625 maledicas
798 572 862 623 viro.
897 572 942 622 Oh.
960 572 1018 621 Non

280 674 307 715 tu
316 665 373 715 hinc
384 665 455 716 abis?

216 755 283 807 Scin’
294 764 331 818 tu,
344 762 372 805 ut
382 755 427 805 tibi
439 768 478 803 res
489 768 516 803 se
525 753 634 803 habeat?
654 752 676 801 si
688 750 818 814 quicquam
829 748 903 799 hodie
912 748 953 797 hic
965 757 1020 798 tur·

282 845 446 908 succeperis,

217 934 314 985 Faciam
326 943 354 985 ut
365 936 438 995 hujus
449 933 508 994 loci,
520 932 628 995 dieique,
637 932 736 994 meique
748 946 843 995 semper
855 929 1005 981 memineris.

221 1027 266 1073 Gn.
283 1023 386 1072 Miseret
396 1022 432 1072 tui
448 1037 499 1084 me,
510 1022 552 1084 qui
562 1023 629 1071 huuc
641 1028 738 1071 tantum
749 1021 877 1070 hominem
888 1019 962 1071 facias
973 1018 1021 1067 iui-

165 1096 167 1103 ’
285 1110 376 1161 micum
388 1111 443 1161 tibi.
872 1094 873 1097 Ἴ

170 1255 187 1279 .
222 1205 264 1252 Gi.
281 1202 425 1252 Diminuam
436 1216 481 1264 ego
491 1209 564 1265 caput
575 1209 645 1251 tuum
656 1200 743 1263 hodie,
755 1201 803 1251 nisi
819 1201 880 1251 abis.
907 1202 953 1250 Gn.
964 1198 1023 1248 Aiu'

282 1291 450 1352 vero‚canis?
784 1292 785 1297 ’
884 1290 887 1295 “

221 1380 316 1431 Siccine
326 1381 376 1443 agis
388 1383 397 1429 ἓ
436 1383 494 1429 Thr.
507 1379 568 1436 Quis
579 1386 607 1427 tu
618 1380 695 1429 homo
706 1382 750 1429 es?
770 1379 828 1442 quid
839 1378 950 1429 ubivis?
964 1377 1024 1440 quid

286 1486 342 1521 cum
353 1471 398 1520 illa
410 1471 445 1521 rei
456 1470 501 1520 tibi
511 1473 566 1521 est?
903 1460 904 1463 ¹

224 1562 268 1609 Cb.
285 1560 382 1611 Scibis:
400 1560 520 1624 principio
528 1575 583 1611 eam
594 1574 648 1610 esse
661 1562 716 1611 dico
724 1561 836 1611 liberam.
872 1560 930 1609 Thr.
943 1560 1022 1607 Hem!

292 1652 335 1699 Oh.
353 1650 437 1700 Civem
447 1650 563 1701 Atticam.
600 1655 659 1702 Thr.
678 1651 745 1701 Hui!

225 1741 268 1790 Gis.
285 1742 369 1789 Meam
379 1754 499 1790 sororem.
534 1744 593 1791 ΤΙιν.
610 1741 647 1793 Os
659 1742 766 1793 durum!
804 1741 847 1790 Ch.
864 1738 949 1799 Miles,
960 1750 1026 1787 nuuc

289 1829 351 1878 adeo
361 1829 431 1879 edico
442 1829 498 1891 tibi,

224 1923 263 1969 Ne
274 1920 323 1967 vim
335 1920 409 1968 facias
420 1921 497 1969 ullam
516 1921 632 1972 inillam.
664 1922 751 1984 Thais,
763 1936 807 1984 ego
826 1935 856 1972 eo
867 1921 899 1971 ad
910 1921 1021 1983 Sophro-

185 2032 191 2048 =
290 2021 354 2075 nam]
643 2074 645 2079 ,

226 2095 365 2157 Nutm'cem‚
377 2104 404 2146 ut
414 2110 468 2146 eam
480 2096 609 2159 adducam,
622 2107 647 2149 et
657 2097 726 2161 signa
738 2097 866 2148 ostendam
878 2098 939 2148 haec.
970 2098 1029 2146 Thr.

291 2185 356 2232 Tun’
369 2199 410 2234 me
421 2185 563 2248 prohibeas,
857 2213 858 2216 =

226 2273 310 2322 Meam
322 2287 353 2322 ue
363 2277 483 2341 tangam?
521 2276 564 2324 Cb.
583 2276 715 2337 Prohibeo,
728 2275 837 2340 iuquam.
873 2278 919 2326 Gn.
936 2275 1028 2324 Audin·

291 2363 338 2413 tu'?
357 2365 398 2413 hic
408 2364 468 2414 furti
479 2379 505 2414 se
516 2366 608 2428 alligat.

228 2453 292 2502 Satis
302 2453 350 2503 hoc
360 2454 406 2502 tibi
416 2463 462 2504 est.
497 2458 556 2505 Thr.
574 2456 642 2507 Idem
660 2456 708 2506 boc
726 2455 813 2518 cuais,
832 2455 929 2506 Thais?
968 2456 1030 2504 Tha.

294 2546 382 2597 Quaerc
391 2545 432 2606 qui
444 2544 597 2608 respondeat.

231 2632 290 2680 Thr.
307 2631 373 2686 Quid
381 2647 447 2681 nunc
456 2632 570 2694 agimus?
608 2635 655 2682 Gn.
673 2631 740 2688 Quin
752 2632 897 2682 redeamusz
913 2633 966 2692 jam
978 2631 1030 2682 haec
1071 2681 1074 2685 ,

294 2720 339 2769 tibi
350 2720 429 2770 aderit
438 2723 577 2786 supplicans

232 2810 314 2861 Ultro.
360 2812 418 2860 Thr.
437 2811 548 2862 Credin’?
593 2813 640 2860 Gn.
658 2814 711 2861 imo
733 2819 807 2860 certe.
824 2810 889 2862 Novi
907 2809 1032 2874 ingenium

279 2898 443 2948 mulierum:
841 2893 843 2896 ’

233 2988 340 3049 Nolunt,
357 2988 400 3038 ubi
411 2989 486 3040 velis:
504 2989 548 3040 ubi
566 2991 642 3054 nolis,
660 2991 763 3056 cupiunt
779 2992 854 3042 ultro.
889 2991 949 3040 Thr.
965 2992 1033 3040 Bene

298 3084 377 3138 putas.
